Equity_Ticker,Date,Year,Quarter,Revenue,EBITDA,Total_Liabilities,Cash,Net_Int_Exp
000030 KS Equity,2020-03-31,2020,1,2776152,,341999337,36671901,
000030 KS Equity,2020-06-30,2020,2,2543597,,342347344,31345634,
000030 KS Equity,2020-09-30,2020,3,2515039,,342117152,26544773,
000030 KS Equity,2020-12-31,2020,4,2426758,,350790159,30332713,
000030 KS Equity,2021-03-31,2021,1,2494086,,366382909,33387596,
000030 KS Equity,2021-06-30,2021,2,2552644,,369318153,38027832,
000030 KS Equity,2021-09-30,2021,3,2628851,,384051546,36111415,
000030 KS Equity,2021-12-31,2021,4,2729468,,391315108,34862377,
000030 KS Equity,2022-03-31,2022,1,2997156,,408066363,40131571,
000030 KS Equity,2022-06-30,2022,2,3331449,,424705345,46044572,
000030 KS Equity,2022-09-30,2022,3,3663631,,439614725,40304377,
000030 KS Equity,2022-12-31,2022,4,4600797,,417583793,43559237,
000030 KS Equity,2023-03-31,2023,1,4867869,,415507696,35837063,
000030 KS Equity,2023-06-30,2023,2,4968276,,419597515,36681937,
000030 KS Equity,2023-09-30,2023,3,5157194,,421169597,28793907,
000030 KS Equity,2023-12-31,2023,4,5442233,,431313614,35672188,
000030 KS Equity,2024-03-31,2024,1,5455272,,438267066,34909696,
000030 KS Equity,2024-06-30,2024,2,5521947,,441651444,30048118,
000030 KS Equity,2024-09-30,2024,3,5618297,,472838102,50518360,
000030 KS Equity,2024-12-31,2024,4,5412316,,456944053,38828499,
060000 KS Equity,2020-03-31,2020,1,3072248,,377633347,20721538,
060000 KS Equity,2020-06-30,2020,2,3325671,,395987212,22882011,
060000 KS Equity,2020-09-30,2020,3,3147066,,407526090,24691768,
060000 KS Equity,2020-12-31,2020,4,3263463,,408036040,22492665,
060000 KS Equity,2021-03-31,2021,1,3080115,,417648348,27395509,
060000 KS Equity,2021-06-30,2021,2,3101955,,424785554,25940417,
060000 KS Equity,2021-09-30,2021,3,3114092,,437972356,22362425,
060000 KS Equity,2021-12-31,2021,4,3369706,,450675985,27927194,
060000 KS Equity,2022-03-31,2022,1,3512142,,460648805,22853755,
060000 KS Equity,2022-06-30,2022,2,3745952,,474109615,24622190,
060000 KS Equity,2022-09-30,2022,3,4274604,,504660173,27399891,
060000 KS Equity,2022-12-31,2022,4,5615947,,484046253,27201722,
060000 KS Equity,2023-03-31,2023,1,5982949,,478159661,23622090,
060000 KS Equity,2023-06-30,2023,2,6068392,,489546010,26337435,
060000 KS Equity,2023-09-30,2023,3,6117937,,501139605,25679609,
060000 KS Equity,2023-12-31,2023,4,6654580,,493464126,25813153,
060000 KS Equity,2024-03-31,2024,1,6376642,,508450720,25491427,
060000 KS Equity,2024-06-30,2024,2,6289156,,515161805,24902208,
060000 KS Equity,2024-09-30,2024,3,6618106,,514943111,20170625,
060000 KS Equity,2024-12-31,2024,4,6094558,,524859860,24803748,
1003733D CH Equity,2020-12-31,2020,4,10125.8562,3458.1812,133748.2534,1374.7546,
1003733D CH Equity,2021-12-31,2021,4,10303.4479,3553.6529,141313.3071,5845.9173,-123.6438
1003733D CH Equity,2022-12-31,2022,4,10890.3361,3616.6266,138152.2094,-886.5163,-108.402
1003733D CH Equity,2023-12-31,2023,4,10842.2172,3597.7622,135781.3209,7245.8695,-121.5379
1003733D CH Equity,2024-12-31,2024,4,10173.8932,3642.7322,120208.342,7796.306,-75.6595
1167Z CH Equity,2020-12-31,2020,4,95597.456,13779.382,994819.277,94089.089,
1167Z CH Equity,2021-12-31,2021,4,98494.816,10870.907,1048343.994,100078.586,
1167Z CH Equity,2022-12-31,2022,4,91308.028,4546.278,1091013.477,93278.557,
1167Z CH Equity,2023-12-31,2023,4,96563.411,3923.339,1110577.169,97739.171,
1167Z CH Equity,2024-12-31,2024,4,104186.803,5114.462,1156174.773,95827.429,
1277211D CH Equity,2020-12-31,2020,4,28816.3524,17078.6123,371000.1288,117373.3553,
1277211D CH Equity,2021-12-31,2021,4,34736.9181,19873.3692,456281.4938,124772.7627,
1277211D CH Equity,2022-12-31,2022,4,24477.9456,11815.8878,458712.6854,119195.1174,
1277211D CH Equity,2023-12-31,2023,4,28280.507,15214.8712,469648.5049,104917.336,
1277211D CH Equity,2024-12-31,2024,4,30224.8715,15631.7707,526802.1173,134837.7439,
1288 HK Equity,2020-03-31,2020,1,284199,,24193551,4430241,
1288 HK Equity,2020-06-30,2020,2,238142,,24379118,3997083,
1288 HK Equity,2020-09-30,2020,3,259227,,25132374,4207157,
1288 HK Equity,2020-12-31,2020,4,255044,,24994301,4234614,
1288 HK Equity,2021-03-31,2021,1,301549,,26276758,4592122,
1288 HK Equity,2021-06-30,2021,2,279815,,26389996,4097800,
1288 HK Equity,2021-09-30,2021,3,292757,,26661513,4113845,
1288 HK Equity,2021-12-31,2021,4,302209,,26647796,3824487,
1288 HK Equity,2022-03-31,2022,1,305087,,28354073,4327859,
1288 HK Equity,2022-06-30,2022,2,295224,,29900207,4700401,
1288 HK Equity,2022-09-30,2022,3,312389,,31194574,5261655,
1288 HK Equity,2022-12-31,2022,4,270067,,31251728,4852532,
1288 HK Equity,2023-03-31,2023,1,342466,,34078356,6059400,
1288 HK Equity,2023-06-30,2023,2,336573,,35312689,6317906,
1288 HK Equity,2023-09-30,2023,3,337646,,35876558,6079480,
1288 HK Equity,2023-12-31,2023,4,351961,,36976122,6327863,
1288 HK Equity,2024-03-31,2024,1,368922,,39158056,5905348,
1288 HK Equity,2024-06-30,2024,2,356486,,38928090,4873202,
1288 HK Equity,2024-09-30,2024,3,348470,,40543004,5788080,
1288 HK Equity,2024-12-31,2024,4,342382,,40140862,4607746,
1321450D LN Equity,2020-12-31,2020,4,428.2061,426.0362,798.2478,0.7283,
1321450D LN Equity,2021-12-31,2021,4,284.2444,93.2321,858.8887,543.6662,
1321450D LN Equity,2022-12-31,2022,4,353.792,184.483,1208.141,1100.3453,
1321450D LN Equity,2023-12-31,2023,4,232.4214,-1185.7433,432.7473,278.0264,
1321450D LN Equity,2024-12-31,2024,4,129.6,-1218.5662,452.1036,245.1548,
1369196D CH Equity,2020-12-31,2020,4,3560.1253,,77920.5583,17639.5034,
1369196D CH Equity,2021-12-31,2021,4,2753.9177,,127581.0439,13408.8794,
1369196D CH Equity,2022-12-31,2022,4,5688.5397,,185872.5878,21229.4481,
1369196D CH Equity,2023-12-31,2023,4,14520.1528,,229682.0365,13059.9731,
1369196D CH Equity,2024-12-31,2024,4,17986.1711,,252989.2258,14033.3812,
1411Z US Equity,2020-03-31,2020,1,-929,,73656,17487,
1411Z US Equity,2020-06-30,2020,2,1320,,70618,15984,
1411Z US Equity,2020-09-30,2020,3,926,,74010,14949,
1411Z US Equity,2020-12-31,2020,4,1733,,76904,15697,
1411Z US Equity,2021-03-31,2021,1,972,,72491,14806,
1411Z US Equity,2021-06-30,2021,2,1797,,74020,17992,
1411Z US Equity,2021-09-30,2021,3,767,,74509,18033,
1411Z US Equity,2021-12-31,2021,4,637,,73520,17249,
1411Z US Equity,2022-03-31,2022,1,94,,70251,14757,
1411Z US Equity,2022-06-30,2022,2,348,,66205,15459,
1411Z US Equity,2022-09-30,2022,3,307,,70651,17071,
1411Z US Equity,2022-12-31,2022,4,1356,,72244,17207,
1411Z US Equity,2023-03-31,2023,1,1825,,74649,18060,
1411Z US Equity,2023-06-30,2023,2,1400,,75509,16458,
1411Z US Equity,2023-09-30,2023,3,1633,,75857,16879,
1411Z US Equity,2023-12-31,2023,4,1969,,75777,16011,
1411Z US Equity,2024-03-31,2024,1,1665,,70983,11303,
1411Z US Equity,2024-06-30,2024,2,1741,,70715,11759,
1411Z US Equity,2024-09-30,2024,3,2283,,76480,13283,
1411Z US Equity,2024-12-31,2024,4,1352,,73679,9961,
1598Z TU Equity,2020-12-31,2020,4,1212.9822,,37322.7566,3163.7172,
1598Z TU Equity,2021-12-31,2021,4,986.6871,,38655.4157,4624.6056,
1598Z TU Equity,2022-12-31,2022,4,1259.2105,,39661.9809,3963.4426,
1598Z TU Equity,2023-12-31,2023,4,2360.4278,,38445.9317,1857.2676,
1598Z TU Equity,2024-12-31,2024,4,2610.2762,,39432.8875,1122.1413,
1606 HK Equity,2020-06-30,2020,2,9616.532,6973.927,259240.501,26449.663,3200.356
1606 HK Equity,2020-12-31,2020,4,9712.184,8724.012,276700.352,34992.986,
1606 HK Equity,2021-06-30,2021,2,10441.993,8942.02,283760.199,26723.653,
1606 HK Equity,2021-12-31,2021,4,12873.813,10097.35,311730.875,36833.077,
1606 HK Equity,2022-06-30,2022,2,12434.718,9991.72,315700.83,30508.299,
1606 HK Equity,2022-12-31,2022,4,12618.739,11583.865,320433.802,29760.725,
1606 HK Equity,2023-06-30,2023,2,11847.098,10541.671,328382.352,21248.114,
1606 HK Equity,2023-12-31,2023,4,14808.253,12835.944,372413.063,69440.305,
1606 HK Equity,2024-06-30,2024,2,13617.033,12856.99,443761.604,107227.748,
1606 HK Equity,2024-12-31,2024,4,14946.074,13440.293,365586.571,43670.649,
1788 HK Equity,2020-06-30,2020,2,1800.752,1143.606,110811.301,10230.483,
1788 HK Equity,2020-12-31,2020,4,3078.303,1508.244,106481.574,8531.579,
1788 HK Equity,2021-06-30,2021,2,2453.857,1542.14,123474.427,9402.787,
1788 HK Equity,2021-12-31,2021,4,1517.837,605.758,90851.154,9721.603,
1788 HK Equity,2022-06-30,2022,2,1209.684,553.686,96117.977,9135.941,
1788 HK Equity,2022-12-31,2022,4,1237.205,227.712,79518.89,8343.425,
1788 HK Equity,2023-06-30,2023,2,1565.346,865.047,87827.699,12652.799,
1788 HK Equity,2023-12-31,2023,4,1682.804,924.783,92573.155,8147.394,
1788 HK Equity,2024-06-30,2024,2,2143.531,1383.918,107447.015,13588.72,
1788 HK Equity,2024-12-31,2024,4,2283.506,1494.848,115146.446,17186.658,
2257Z LN Equity,2020-12-31,2020,4,13539,,480445,133304,
2257Z LN Equity,2021-12-31,2021,4,11569,,509354,156004,
2257Z LN Equity,2022-12-31,2022,4,16257,,516591,132557,
2257Z LN Equity,2023-12-31,2023,4,25978,,504635,142924,
2257Z LN Equity,2024-12-31,2024,4,28148,,529418,126638,
2292186Z AU Equity,2020-03-31,2020,1,4162,,211909,57738,
2292186Z AU Equity,2020-09-30,2020,3,3595,,192011,58964,
2292186Z AU Equity,2021-03-31,2021,1,4965,,202774,58823,
2292186Z AU Equity,2021-09-30,2021,3,7875,,324153,93808,
2292186Z AU Equity,2022-03-31,2022,1,5671,,331660,110930,
2292186Z AU Equity,2022-09-30,2022,3,11170,,454887,159273,
2292186Z AU Equity,2023-03-31,2023,1,7334,,310471,104188,
2292186Z AU Equity,2023-09-30,2023,3,10249,,316814,100490,
2292186Z AU Equity,2024-03-31,2024,1,11707,,318782,94257,
2292186Z AU Equity,2024-09-30,2024,3,11430,,324232,93821,
2451569D UH Equity,2022-12-31,2022,4,99561,36673,331042,53104,7141
2451569D UH Equity,2023-12-31,2023,4,111708,34424,358498,49314,6155
2451569D UH Equity,2024-12-31,2024,4,127890,47726,437836,87390,6127
2534Z GR Equity,2020-12-31,2020,4,2703,1528,514587,353590,
2534Z GR Equity,2021-12-31,2021,4,2374,1069,516485,352824,
2534Z GR Equity,2022-12-31,2022,4,4690,3401,518049,366303,
2534Z GR Equity,2023-12-31,2023,4,19164,17716,522668,372208,
2534Z GR Equity,2024-12-31,2024,4,22045,20473,505793,347298,
2600 HK Equity,2020-03-31,2020,1,39696.031,,137030.959,15017.945,1079.21
2600 HK Equity,2020-06-30,2020,2,44412.721,,131690.901,12930.294,1018.369
2600 HK Equity,2020-09-30,2020,3,49045.802,,123653.77,8094.052,942.078
2600 HK Equity,2020-12-31,2020,4,52836.023,,123735.747,9671.477,
2600 HK Equity,2021-03-31,2021,1,52652.764,,123541.924,11386.061,973.637
2600 HK Equity,2021-06-30,2021,2,68163.859,,118160.907,6280.65,923.062
2600 HK Equity,2021-09-30,2021,3,74112.328,,118688.607,18572.884,876.792
2600 HK Equity,2021-12-31,2021,4,103956.399,,135165.255,19683.619,1410.571
2600 HK Equity,2022-03-31,2022,1,80437.278,,121489.466,22985.441,950.167
2600 HK Equity,2022-06-30,2022,2,78522.683,,116905.22,18872.517,842.96
2600 HK Equity,2022-09-30,2022,3,68660.711,,118651.794,28009.434,820.275
2600 HK Equity,2022-12-31,2022,4,63367.27,,124593.412,16816.684,742.195
2600 HK Equity,2023-03-31,2023,1,66279.365,,122128.704,18018.435,766.603
2600 HK Equity,2023-06-30,2023,2,67783.245,,115477.501,11836.724,755.204
2600 HK Equity,2023-09-30,2023,3,54341.862,,114299.175,20672.221,654.495
2600 HK Equity,2023-12-31,2023,4,36914.572,,112866.67,24051.504,753.116
2600 HK Equity,2024-03-31,2024,1,48955.678,,110252.285,22405.891,625.195
2600 HK Equity,2024-06-30,2024,2,61763.262,,108476.812,24546.166,607.635
2600 HK Equity,2024-09-30,2024,3,63060.291,,104287.328,22955.925,582.296
2600 HK Equity,2024-12-31,2024,4,63287.75,,103886.153,22752.271,575.837
2883 HK Equity,2020-03-31,2020,1,8168.4097,,38071.7591,8085.6251,208.1781
2883 HK Equity,2020-06-30,2020,2,6342.9468,,43525.8036,11955.3891,218.3868
2883 HK Equity,2020-09-30,2020,3,6938.4333,,39032.1403,7151.0592,193.2184
2883 HK Equity,2020-12-31,2020,4,7509.4087,,37253.4994,12123.1442,198.7002
2883 HK Equity,2021-03-31,2021,1,5902.5471,,35946.224,10423.4393,158.5518
2883 HK Equity,2021-06-30,2021,2,6832.8817,,36100.5905,6142.2441,179.1469
2883 HK Equity,2021-09-30,2021,3,7146.5936,,37236.3932,7513.1657,174.2518
2883 HK Equity,2021-12-31,2021,4,9320.9797,,35095.3779,10805.5346,181.6862
2883 HK Equity,2022-03-31,2022,1,6798.2874,,34931.6438,8445.0162,156.1998
2883 HK Equity,2022-06-30,2022,2,8414.3575,,35252.243,5566.5114,169.8787
2883 HK Equity,2022-09-30,2022,3,9033.0743,,35659.5807,5271.2503,161.0899
2883 HK Equity,2022-12-31,2022,4,11413.1765,,37184.7721,9216.311,153.0017
2883 HK Equity,2023-03-31,2023,1,8456.257,,36240.8989,8857.4315,176.1337
2883 HK Equity,2023-06-30,2023,2,10417.3374,,38992.4966,8432.4583,221.279
2883 HK Equity,2023-09-30,2023,3,10633.6353,,40120.2355,9879.2321,185.9113
2883 HK Equity,2023-12-31,2023,4,14601.3868,,40989.7283,11029.0815,204.9378
2883 HK Equity,2024-03-31,2024,1,10147.976,,39465.4031,9476.919,192.1328
2883 HK Equity,2024-06-30,2024,2,12380.5683,,40744.2161,9093.3172,185.918
2883 HK Equity,2024-09-30,2024,3,11132.9059,,38744.2244,8877.499,169.008
2883 HK Equity,2024-12-31,2024,4,14640.131,,38523.127,11466.5598,94.4478
300750 CH Equity,2020-03-31,2020,1,9030.7941,,58192.2886,38479.1059,-188.3275
300750 CH Equity,2020-06-30,2020,2,9798.6591,,55285.2777,33111.3892,-141.7984
300750 CH Equity,2020-09-30,2020,3,12693.0278,,71187.1284,68404.4228,-316.8361
300750 CH Equity,2020-12-31,2020,4,18797.0068,,87423.7105,66720.0575,-207.2046
300750 CH Equity,2021-03-31,2021,1,19166.6852,,101987.8889,73451.6856,-295.7918
300750 CH Equity,2021-06-30,2021,2,24907.8754,,132295.4813,69491.4127,-322.0374
300750 CH Equity,2021-09-30,2021,3,29286.9849,,168969.3583,82489.127,-227.2422
300750 CH Equity,2021-12-31,2021,4,56994.2509,,215044.6864,76869.7081,-317.0902
300750 CH Equity,2022-03-31,2022,1,48678.4191,,282660.3035,102224.7829,-173.4901
300750 CH Equity,2022-06-30,2022,2,64292.8388,,331543.3365,127976.7414,-220.3249
300750 CH Equity,2022-09-30,2022,3,97368.9826,,380655.6962,160462.2185,-594.6673
300750 CH Equity,2022-12-31,2022,4,118253.747,,424043.1899,160514.24,-866.5075
300750 CH Equity,2023-03-31,2023,1,89038.4653,,431483.135,211943.1114,-1029.0543
300750 CH Equity,2023-06-30,2023,2,100207.576,,449315.6089,192674.661,-1148.2162
300750 CH Equity,2023-09-30,2023,3,105431.2093,,469775.3007,233767.7681,-1189.015
300750 CH Equity,2023-12-31,2023,4,106239.7943,,497284.8905,241838.9363,-1509.0009
300750 CH Equity,2024-03-31,2024,1,79770.78,,500818.0898,288738.9391,-1584.12
300750 CH Equity,2024-06-30,2024,2,86996.054,,495412.2621,249555.2884,-1366.083
300750 CH Equity,2024-09-30,2024,3,92277.915,,474934.361,286678.2054,-1210.273
300750 CH Equity,2024-12-31,2024,4,102967.8054,,513201.949,294454.692,-1463.4447
331900Z FP Equity,2020-06-30,2020,2,5005,,608413,207673,
331900Z FP Equity,2020-12-31,2020,4,3719,,571284,205897,
331900Z FP Equity,2021-06-30,2021,2,4208,,570301,92014,
331900Z FP Equity,2021-12-31,2021,4,3982,,573201,108667,
331900Z FP Equity,2022-06-30,2022,2,5103,,653962,110106,
331900Z FP Equity,2022-12-31,2022,4,7462,,699824,139205,
331900Z FP Equity,2023-06-30,2023,2,12026,,733219,137849,
331900Z FP Equity,2023-12-31,2023,4,13090,,727299,135533,
331900Z FP Equity,2024-06-30,2024,2,14461,,777861,136674,
331900Z FP Equity,2024-12-31,2024,4,12846,,815195,130026,
3328 HK Equity,2020-03-31,2020,1,123159,,9632654,1441171,
3328 HK Equity,2020-06-30,2020,2,117392,,9855800,1494247,
3328 HK Equity,2020-09-30,2020,3,111326,,9958894,1497901,
3328 HK Equity,2020-12-31,2020,4,118774,,9818988,1388691,
3328 HK Equity,2021-03-31,2021,1,121410,,10271124,1514989,
3328 HK Equity,2021-06-30,2021,2,119303,,10478045,1522690,
3328 HK Equity,2021-09-30,2021,3,122364,,10515763,1411781,
3328 HK Equity,2021-12-31,2021,4,126036,,10688521,1367436,
3328 HK Equity,2022-03-31,2022,1,122012,,11326932,1594370,
3328 HK Equity,2022-06-30,2022,2,127229,,11591640,1546403,
3328 HK Equity,2022-09-30,2022,3,131102,,11680766,1476457,
3328 HK Equity,2022-12-31,2022,4,127955,,11958049,1496523,
3328 HK Equity,2023-03-31,2023,1,139567,,12596687,1665798,
3328 HK Equity,2023-06-30,2023,2,144473,,12758461,1650639,
3328 HK Equity,2023-09-30,2023,3,139057,,12757638,1514306,
3328 HK Equity,2023-12-31,2023,4,134138,,12961022,1757664,
3328 HK Equity,2024-03-31,2024,1,141213,,13112273,1700977,
3328 HK Equity,2024-06-30,2024,2,134647,,13058623,1585716,
3328 HK Equity,2024-09-30,2024,3,136137,,13454955,1622430,
3328 HK Equity,2024-12-31,2024,4,130262,,13745120,1691396,
3382936Z AB Equity,2020-12-31,2020,4,49964.5371,,209224.393,72427.3035,
3382936Z AB Equity,2021-12-31,2021,4,64575.8478,27998.0282,275667.5365,75156.5662,
3382936Z AB Equity,2022-12-31,2022,4,46936.1757,2532.5342,305454.0858,68522.3916,
3382936Z AB Equity,2023-12-31,2023,4,90962.4425,32764.4548,386883.4667,87942.6667,
3382936Z AB Equity,2024-12-31,2024,4,112622.8096,41248.0637,436056.1131,84092.9539,
390 HK Equity,2020-06-30,2020,2,259266.901,,875783.807,130344.214,289.512
390 HK Equity,2020-09-30,2020,3,272449.531,,924933.594,165956.036,855.969
390 HK Equity,2020-12-31,2020,4,285985.999,,886927.853,153521.216,1601.639
390 HK Equity,2021-03-31,2021,1,237040.835,,936098.308,147103.514,1200.38
390 HK Equity,2021-06-30,2021,2,261198.371,,963887.695,132427.187,380.109
390 HK Equity,2021-09-30,2021,3,271978.908,,1004745.201,154858.945,1112.716
390 HK Equity,2021-12-31,2021,4,303053.611,,1003383.6,157269.669,-119.29
390 HK Equity,2022-03-31,2022,1,267097.479,,1038938.435,139040.284,570.817
390 HK Equity,2022-06-30,2022,2,293489.778,,1135539.084,164206.872,65.033
390 HK Equity,2022-09-30,2022,3,289464.923,,1159767.795,193639.089,1227.574
390 HK Equity,2022-12-31,2022,4,304306.312,,1190264.405,221122.603,-1085.97
390 HK Equity,2023-03-31,2023,1,272624.669,,1220710.282,206575.998,650.844
390 HK Equity,2023-06-30,2023,2,318141.185,,1271949.969,186196.457,-32.997
390 HK Equity,2023-09-30,2023,3,293754.625,,1290488.426,203516.375,1979.101
390 HK Equity,2023-12-31,2023,4,378954.214,,1369537.197,208315.442,-673.434
390 HK Equity,2024-03-31,2024,1,265645.522,,1386444.984,181946.394,753.369
390 HK Equity,2024-06-30,2024,2,278876.772,,1533146.538,169043.042,-34.752
390 HK Equity,2024-09-30,2024,3,275761.019,,1638695.405,195047.625,2356.763
390 HK Equity,2024-12-31,2024,4,340028.117,,1746273.748,229102.65,721.708
600000 CH Equity,2020-03-31,2020,1,95691,,6717780,719591,
600000 CH Equity,2020-06-30,2020,2,87424,,6948926,839384,
600000 CH Equity,2020-09-30,2020,3,90056,,7094122,805859,
600000 CH Equity,2020-12-31,2020,4,89782,,7304401,911541,
600000 CH Equity,2021-03-31,2021,1,92527,,7403530,824001,
600000 CH Equity,2021-06-30,2021,2,92079,,7462659,924209,
600000 CH Equity,2021-09-30,2021,3,89788,,7393760,802448,
600000 CH Equity,2021-12-31,2021,4,91813,,7458539,854894,
600000 CH Equity,2022-03-31,2022,1,92987,,7727317,1063123,
600000 CH Equity,2022-06-30,2022,2,91402,,7812093,1052018,
600000 CH Equity,2022-09-30,2022,3,89176,,7724521,879518,
600000 CH Equity,2022-12-31,2022,4,89753,,7997876,1089103,
600000 CH Equity,2023-03-31,2023,1,94316,,8140690,993049,
600000 CH Equity,2023-06-30,2023,2,90476,,8211439,1027281,
600000 CH Equity,2023-09-30,2023,3,88928,,8084504,944146,
600000 CH Equity,2023-12-31,2023,4,86236,,8274363,1139212,
600000 CH Equity,2024-03-31,2024,1,91957,,8302126,1036454,
600000 CH Equity,2024-06-30,2024,2,87678,,8500022,1079399,
600000 CH Equity,2024-09-30,2024,3,86078,,8685534,1143999,
600000 CH Equity,2024-12-31,2024,4,73076,,8717099,1008900,
600018 CH Equity,2020-03-31,2020,1,5398.5353,,51048.6401,17268.2288,193.1285
600018 CH Equity,2020-06-30,2020,2,6640.1373,,68319.3486,31637.8563,195.6538
600018 CH Equity,2020-09-30,2020,3,7176.1874,,62159.0215,22862.9893,203.3016
600018 CH Equity,2020-12-31,2020,4,6904.6007,,59945.1503,20689.7346,-55.0851
600018 CH Equity,2021-03-31,2021,1,7685.3106,,59377.79,20546.4263,158.6382
600018 CH Equity,2021-06-30,2021,2,9677.3679,,64254.9947,29250.461,206.1124
600018 CH Equity,2021-09-30,2021,3,8875.0838,,63071.5993,27068.4966,209.5601
600018 CH Equity,2021-12-31,2021,4,8050.935,,62981.8493,28495.0189,194.7866
600018 CH Equity,2022-03-31,2022,1,12412.6416,,53047.0525,22905.9331,44.0945
600018 CH Equity,2022-06-30,2022,2,7681.7964,,61980.3031,31123.4598,154.7783
600018 CH Equity,2022-09-30,2022,3,9141.1357,,59225.6131,25951.4237,185.9793
600018 CH Equity,2022-12-31,2022,4,8044.233,,60634.6572,28913.8616,176.5221
600018 CH Equity,2023-03-31,2023,1,7648.6889,,59271.6714,27663.7333,135.829
600018 CH Equity,2023-06-30,2023,2,8462.8524,,67014.1741,34824.0727,101.7099
600018 CH Equity,2023-09-30,2023,3,11322.146,,61687.3885,29156.9195,221.6166
600018 CH Equity,2023-12-31,2023,4,10117.8827,,67389.1029,37370.7971,134.9888
600018 CH Equity,2024-03-31,2024,1,8951.114,,65442.075,36443.8726,69.7049
600018 CH Equity,2024-06-30,2024,2,10886.4585,,65596.0636,36926.1298,109.4549
600018 CH Equity,2024-09-30,2024,3,9188.726,,65296.3208,36771.7313,173.3521
600018 CH Equity,2024-12-31,2024,4,9090.6737,,64646.736,34348.2323,131.6025
600036 CH Equity,2020-03-31,2020,1,109410,,7117641,1111048,
600036 CH Equity,2020-06-30,2020,2,101936,,7392805,1073329,
600036 CH Equity,2020-09-30,2020,3,103740,,7446973,1025781,
600036 CH Equity,2020-12-31,2020,4,100115,,7631094,1154962,
600036 CH Equity,2021-03-31,2021,1,115525,,7902787,1141195,
600036 CH Equity,2021-06-30,2021,2,106643,,8124318,1281017,
600036 CH Equity,2021-09-30,2021,3,115475,,8121625,1115154,
600036 CH Equity,2021-12-31,2021,4,109261,,8383340,1366580,
600036 CH Equity,2022-03-31,2022,1,125387,,8514645,1201871,
600036 CH Equity,2022-06-30,2022,2,119894,,8829330,1173460,
600036 CH Equity,2022-09-30,2022,3,122408,,8779344,1071387,
600036 CH Equity,2022-12-31,2022,4,113450,,9184674,1234625,
600036 CH Equity,2023-03-31,2023,1,130005,,9518990,1119454,
600036 CH Equity,2023-06-30,2023,2,127009,,9753923,1302530,
600036 CH Equity,2023-09-30,2023,3,123907,,9646670,1032805,
600036 CH Equity,2023-12-31,2023,4,121216,,9942754,1243511,
600036 CH Equity,2024-03-31,2024,1,129901,,10394735,1424443,
600036 CH Equity,2024-06-30,2024,2,127294,,10457758,1400231,
600036 CH Equity,2024-09-30,2024,3,122091,,10495128,1446229,
600036 CH Equity,2024-12-31,2024,4,123117,,10918561,1474580,
601211 CH Equity,2020-03-31,2020,1,8187.909,,452729.6791,199993.3411,
601211 CH Equity,2020-06-30,2020,2,11474.1614,,481714.7347,192284.3667,
601211 CH Equity,2020-09-30,2020,3,12126.7982,,549108.0569,207344.8527,
601211 CH Equity,2020-12-31,2020,4,11429.1801,,556661.355,208431.3256,
601211 CH Equity,2021-03-31,2021,1,13238.1925,,528254.3101,207429.3915,
601211 CH Equity,2021-06-30,2021,2,13096.8115,,590289.9496,209417.478,
601211 CH Equity,2021-09-30,2021,3,12613.4381,,623682.9198,221769.1087,
601211 CH Equity,2021-12-31,2021,4,13977.1764,,640636.2226,229456.2261,
601211 CH Equity,2022-03-31,2022,1,10838.7926,,662555.9852,254630.2526,
601211 CH Equity,2022-06-30,2022,2,13641.9649,,680509.2682,250613.4143,
601211 CH Equity,2022-09-30,2022,3,9598.3083,,666896.8373,245452.5562,
601211 CH Equity,2022-12-31,2022,4,11675.2901,,696862.4571,249578.8154,
601211 CH Equity,2023-03-31,2023,1,12331.1224,,731474.5204,259541.5399,
601211 CH Equity,2023-06-30,2023,2,12058.0247,,754188.8385,271003.7259,
601211 CH Equity,2023-09-30,2023,3,12029.8589,,707033.3155,220319.4759,
601211 CH Equity,2023-12-31,2023,4,12031.069,,752024.4739,231055.4575,
601211 CH Equity,2024-03-31,2024,1,11263.4921,,734601.7591,237849.4833,
601211 CH Equity,2024-06-30,2024,2,8254.9663,,723247.5463,240558.7941,
601211 CH Equity,2024-09-30,2024,3,12435.5355,,758977.3795,252096.2099,
601211 CH Equity,2024-12-31,2024,4,17422.7735,,870271.7153,270973.5131,
601398 CH Equity,2020-03-31,2020,1,319221,,29314184,5850776,
601398 CH Equity,2020-03-31,2020,1,319221,,29314184,5850776,
601398 CH Equity,2020-06-30,2020,2,313015,,30365254,6157128,
601398 CH Equity,2020-06-30,2020,2,313015,,30365254,6157128,
601398 CH Equity,2020-09-30,2020,3,313155,,30649771,5784197,
601398 CH Equity,2020-09-30,2020,3,313155,,30649771,5784197,
601398 CH Equity,2020-12-31,2020,4,315893,,30435543,5358980,
601398 CH Equity,2020-12-31,2020,4,315893,,30435543,5358980,
601398 CH Equity,2021-03-31,2021,1,330032,,31373317,5550782,
601398 CH Equity,2021-03-31,2021,1,330032,,31373317,5550782,
601398 CH Equity,2021-06-30,2021,2,331172,,32089477,5685471,
601398 CH Equity,2021-06-30,2021,2,331172,,32089477,5685471,
601398 CH Equity,2021-09-30,2021,3,341153,,32234781,5377856,
601398 CH Equity,2021-09-30,2021,3,341153,,32234781,5377856,
601398 CH Equity,2021-12-31,2021,4,345764,,31896125,4589084,
601398 CH Equity,2021-12-31,2021,4,345764,,31896125,4589084,
601398 CH Equity,2022-03-31,2022,1,361612,,33941551,5477748,
601398 CH Equity,2022-03-31,2022,1,361612,,33941551,5477748,
601398 CH Equity,2022-06-30,2022,2,361439,,35411070,5536500,
601398 CH Equity,2022-06-30,2022,2,361439,,35411070,5536500,
601398 CH Equity,2022-09-30,2022,3,366857,,36121656,5749038,
601398 CH Equity,2022-09-30,2022,3,366857,,36121656,5749038,
601398 CH Equity,2022-12-31,2022,4,360294,,36094727,5484546,
601398 CH Equity,2022-12-31,2022,4,360294,,36094727,5484546,
601398 CH Equity,2023-03-31,2023,1,403727,,38432323,6016291,
601398 CH Equity,2023-03-31,2023,1,403727,,38432323,6016291,
601398 CH Equity,2023-06-30,2023,2,401708,,40073186,6596991,
601398 CH Equity,2023-06-30,2023,2,401708,,40073186,6596991,
601398 CH Equity,2023-09-30,2023,3,395801,,40806945,6654087,
601398 CH Equity,2023-09-30,2023,3,395801,,40806945,6654087,
601398 CH Equity,2023-12-31,2023,4,383685,,40920491,6383267,
601398 CH Equity,2023-12-31,2023,4,383685,,40920491,6383267,
601398 CH Equity,2024-03-31,2024,1,425092,,43723412,7430085,
601398 CH Equity,2024-03-31,2024,1,425092,,43723412,7430085,
601398 CH Equity,2024-06-30,2024,2,401706,,43252035,5799337,
601398 CH Equity,2024-06-30,2024,2,401706,,43252035,5799337,
601398 CH Equity,2024-09-30,2024,3,391554,,44435477,6270394,
601398 CH Equity,2024-09-30,2024,3,391554,,44435477,6270394,
601398 CH Equity,2024-12-31,2024,4,383825,,44834480,5753004,
601398 CH Equity,2024-12-31,2024,4,383825,,44834480,5753004,
601668 CH Equity,2020-03-31,2020,1,263830.618,,1579357.931,243816.608,2489.539
601668 CH Equity,2020-06-30,2020,2,464357.149,,1652192.456,261870.934,2315.115
601668 CH Equity,2020-09-30,2020,3,347918.442,,1651827.938,253107.273,2770.97
601668 CH Equity,2020-12-31,2020,4,538944.34,,1615231.415,279860.861,1090.754
601668 CH Equity,2021-03-31,2021,1,404744.475,,1690755.647,262587.113,2510.755
601668 CH Equity,2021-06-30,2021,2,532017.491,,1750203.103,280518.026,2384.531
601668 CH Equity,2021-09-30,2021,3,400342.697,,1752175.174,271516.334,2579.408
601668 CH Equity,2021-12-31,2021,4,555601.644,,1753642.804,310800.147,3351.525
601668 CH Equity,2022-03-31,2022,1,485434.904,,1845048.778,271230.666,3141.017
601668 CH Equity,2022-06-30,2022,2,575791.719,,1936845.689,330928.108,3103.708
601668 CH Equity,2022-09-30,2022,3,474766.792,,1965448.535,318178.647,2802.755
601668 CH Equity,2022-12-31,2022,4,519058.655,,1972516.396,318898.08,4934.264
601668 CH Equity,2023-03-31,2023,1,524828.043,,2021430.654,339618.563,3811.699
601668 CH Equity,2023-06-30,2023,2,588485.013,,2135578.501,335341.071,3335.441
601668 CH Equity,2023-09-30,2023,3,557928.75,,2133019.239,342458.961,3370.886
601668 CH Equity,2023-12-31,2023,4,594287.438,,2172252.41,337997.637,5019.712
601668 CH Equity,2024-03-31,2024,1,549319.265,,2217604.957,339176.3,4288.923
601668 CH Equity,2024-06-30,2024,2,595299.77,,2439550.36,325236.366,3338.073
601668 CH Equity,2024-09-30,2024,3,481921.938,,2493265.142,321118.081,5129.782
601668 CH Equity,2024-12-31,2024,4,560606.866,,2417799.793,374820.666,3771.571
601688 CH Equity,2020-03-31,2020,1,8010.6954,,470888.7166,150131.8775,
601688 CH Equity,2020-06-30,2020,2,8655.5288,,465870.9624,153058.6134,
601688 CH Equity,2020-09-30,2020,3,10254.51,,561777.2228,147131.6645,
601688 CH Equity,2020-12-31,2020,4,8663.358,,584439.201,171184.6717,
601688 CH Equity,2021-03-31,2021,1,10916.5677,,609283.102,195434.2174,
601688 CH Equity,2021-06-30,2021,2,11131.8368,,653919.1796,202715.3985,
601688 CH Equity,2021-09-30,2021,3,11097.5901,,684165.9727,190703.9025,
601688 CH Equity,2021-12-31,2021,4,13023.4024,,654615.0487,158031.0751,
601688 CH Equity,2022-03-31,2022,1,10026.6412,,676523.2501,188239.3083,
601688 CH Equity,2022-06-30,2022,2,11050.4656,,692930.1584,183211.2036,
601688 CH Equity,2022-09-30,2022,3,10412.9367,,700599.2132,169225.754,
601688 CH Equity,2022-12-31,2022,4,10498.1451,,678714.3796,189230.6399,
601688 CH Equity,2023-03-31,2023,1,11438.2071,,682226.8537,165249.0355,
601688 CH Equity,2023-06-30,2023,2,12730.1271,,716556.9079,180338.992,
601688 CH Equity,2023-09-30,2023,3,11075.9823,,692885.0376,152706.3807,
601688 CH Equity,2023-12-31,2023,4,12885.3647,,723290.9566,161874.9974,
601688 CH Equity,2024-03-31,2024,1,9226.5774,,677900.9316,171011.4483,
601688 CH Equity,2024-06-30,2024,2,8702.3812,,651153.3443,170624.6252,
601688 CH Equity,2024-09-30,2024,3,13197.022,,661626.199,225596.3548,
601688 CH Equity,2024-12-31,2024,4,11590.9592,,622376.5729,192166.0749,
601818 CH Equity,2020-03-31,2020,1,65530,,4833795,597757,
601818 CH Equity,2020-06-30,2020,2,63548,,4996991,675230,
601818 CH Equity,2020-09-30,2020,3,62560,,4846827,542988,
601818 CH Equity,2020-12-31,2020,4,63306,,4913123,519228,
601818 CH Equity,2021-03-31,2021,1,67463,,5117212,492887,
601818 CH Equity,2021-06-30,2021,2,67045,,5308658,579078,
601818 CH Equity,2021-09-30,2021,3,70226,,5210098,471280,
601818 CH Equity,2021-12-31,2021,4,62331,,5417703,598965,
601818 CH Equity,2022-03-31,2022,1,70329,,5754956,691051,
601818 CH Equity,2022-06-30,2022,2,67945,,5764712,599126,
601818 CH Equity,2022-09-30,2022,3,71929,,5760672,488736,
601818 CH Equity,2022-12-31,2022,4,69255,,5790497,518506,
601818 CH Equity,2023-03-31,2023,1,73642,,6156341,634001,
601818 CH Equity,2023-06-30,2023,2,71975,,6217251,622256,
601818 CH Equity,2023-09-30,2023,3,73085,,6284532,545397,
601818 CH Equity,2023-12-31,2023,4,67097,,6218011,598868,
601818 CH Equity,2024-03-31,2024,1,71898,,6329733,557864,
601818 CH Equity,2024-06-30,2024,2,69575,,6225829,528354,
601818 CH Equity,2024-09-30,2024,3,66562,,6302078,572563,
601818 CH Equity,2024-12-31,2024,4,64640,,6368790,628900,
6044Z LN Equity,2020-12-31,2020,4,1702,,51881,18690,
6044Z LN Equity,2021-12-31,2021,4,3087,,54428,22619,
6044Z LN Equity,2022-12-31,2022,4,1930,,52289,21402,
6044Z LN Equity,2023-12-31,2023,4,4947,,51654,18729,
6044Z LN Equity,2024-12-31,2024,4,5070,,61151,24793,
700 HK Equity,2020-03-31,2020,1,108065,45857,501402,200298,370
700 HK Equity,2020-06-30,2020,2,114883,48746,553271,261550,256
700 HK Equity,2020-09-30,2020,3,125447,55650,543532,235968,-9
700 HK Equity,2020-12-31,2020,4,133669,75793,555382,229011,58
700 HK Equity,2021-03-31,2021,1,135303,68710,577987,226289,112
700 HK Equity,2021-06-30,2021,2,138259,64925,590801,216939,312
700 HK Equity,2021-09-30,2021,3,142368,65562,636208,254611,389
700 HK Equity,2021-12-31,2021,4,144188,122732,735671,264101,485
700 HK Equity,2022-03-31,2022,1,135471,51373,648881,284740,366
700 HK Equity,2022-06-30,2022,2,134034,42309,655788,292185,-136
700 HK Equity,2022-09-30,2022,3,140093,63965,659737,292423,401
700 HK Equity,2022-12-31,2022,4,144954,44651,795271,290756,244
700 HK Equity,2023-03-31,2023,1,149986,54156,675833,339283,-163
700 HK Equity,2023-06-30,2023,2,149208,50739,696687,347727,-375
700 HK Equity,2023-09-30,2023,3,154625,57850,710288,362495,-448
700 HK Equity,2023-12-31,2023,4,155196,55961,703565,379155,-902
700 HK Equity,2024-03-31,2024,1,159501,66094,729908,419043,-1204
700 HK Equity,2024-06-30,2024,2,161117,57067,727373,368752,-932
700 HK Equity,2024-09-30,2024,3,167193,67371,742850,360318,-851
700 HK Equity,2024-12-31,2024,4,172446,73546,727099,343159,-570
7915Z US Equity,2020-03-31,2020,1,830,,242175,1842,
7915Z US Equity,2020-06-30,2020,2,1281,,256417,2142,
7915Z US Equity,2020-09-30,2020,3,1534,,264960,2202,
7915Z US Equity,2020-12-31,2020,4,1452,,281283,2222,
7915Z US Equity,2021-03-31,2021,1,1645,,274339,1573,
7915Z US Equity,2021-06-30,2021,2,820,,269223,2578,
7915Z US Equity,2021-09-30,2021,3,1246,,266083,1977,
7915Z US Equity,2021-12-31,2021,4,948,,268995,945,
7915Z US Equity,2022-03-31,2022,1,2267,,266312,392,
7915Z US Equity,2022-06-30,2022,2,3187,,262222,429,
7915Z US Equity,2022-09-30,2022,3,2265,,265598,522,
7915Z US Equity,2022-12-31,2022,4,3399,,264685,622,
7915Z US Equity,2023-03-31,2023,1,3871,,271040,542,
7915Z US Equity,2023-06-30,2023,2,4231,,272259,557,
7915Z US Equity,2023-09-30,2023,3,4940,,275660,530,
7915Z US Equity,2023-12-31,2023,4,4066,,279907,379,
7915Z US Equity,2024-03-31,2024,1,5342,,284843,354,
7915Z US Equity,2024-06-30,2024,2,5700,,293128,489,
7915Z US Equity,2024-09-30,2024,3,3894,,311603,531,
7915Z US Equity,2024-12-31,2024,4,5243,,307605,504,
81074Z PM Equity,2020-12-31,2020,4,3302,,219104,6859,
81074Z PM Equity,2021-12-31,2021,4,2558,,229229,4888,
81074Z PM Equity,2022-12-31,2022,4,4584,,236444,3341,
81074Z PM Equity,2023-12-31,2023,4,10024,,246117,1641,
81074Z PM Equity,2024-12-31,2024,4,11024,,258167,2495,
8306 JP Equity,2020-03-31,2020,1,1570051,,319715641,103167098,
8306 JP Equity,2020-06-30,2020,2,1516549,,325006828,103285463,
8306 JP Equity,2020-09-30,2020,3,1400028,,331105798,108406873,
8306 JP Equity,2020-12-31,2020,4,1254371,,334244385,113664414,
8306 JP Equity,2021-03-31,2021,1,1420142,,341757258,117654127,
8306 JP Equity,2021-06-30,2021,2,1393013,,343757885,121366512,
8306 JP Equity,2021-09-30,2021,3,1448372,,341696106,117443702,
8306 JP Equity,2021-12-31,2021,4,1343196,,347152111,123156932,
8306 JP Equity,2022-03-31,2022,1,1504509,,355743665,123943783,
8306 JP Equity,2022-06-30,2022,2,1390015,,369276392,125264934,
8306 JP Equity,2022-09-30,2022,3,1822497,,373949592,116500783,
8306 JP Equity,2022-12-31,2022,4,2121191,,373693294,119062844,
8306 JP Equity,2023-03-31,2023,1,2172124,,368526620,128249241,
8306 JP Equity,2023-06-30,2023,2,2713201,,368273964,123081150,
8306 JP Equity,2023-09-30,2023,3,2772294,,378559412,126813290,
8306 JP Equity,2023-12-31,2023,4,2660165,,377062028,126899602,
8306 JP Equity,2024-03-31,2024,1,3070778,,382956169,128963884,
8306 JP Equity,2024-06-30,2024,2,3467939,,385892112,127144823,
8306 JP Equity,2024-09-30,2024,3,3302285,,377379758,127473664,
8306 JP Equity,2024-12-31,2024,4,3149297,,391570749,125579523,
8315 JP Equity,2020-03-31,2020,1,2248098,,258133007,77054972,
8315 JP Equity,2020-09-30,2020,3,2027808,,269189663,84008865,
8315 JP Equity,2021-03-31,2021,1,1695948,,277697760,90951887,
8315 JP Equity,2021-09-30,2021,3,1844384,,276108071,91421595,
8315 JP Equity,2022-03-31,2022,1,1907019,,287368082,93974764,
8315 JP Equity,2022-09-30,2022,3,2092496,,308668423,90234302,
8315 JP Equity,2023-03-31,2023,1,3057575,,301590620,97453136,
8315 JP Equity,2023-09-30,2023,3,3893568,,303841171,93772802,
8315 JP Equity,2024-03-31,2024,1,4033109,,310056904,97137738,
8315 JP Equity,2024-09-30,2024,3,4791329,,306099365,96191162,
8316 JP Equity,2020-03-31,2020,1,1046654,,209078615,71341016,
8316 JP Equity,2020-06-30,2020,2,930500,,215189129,71060332,
8316 JP Equity,2020-09-30,2020,3,939975,,214458248,74783498,
8316 JP Equity,2020-12-31,2020,4,910748,,221491390,76266126,
8316 JP Equity,2021-03-31,2021,1,926102,,230685262,80687457,
8316 JP Equity,2021-06-30,2021,2,904885,,228100309,80460326,
8316 JP Equity,2021-09-30,2021,3,957191,,228965814,78384645,
8316 JP Equity,2021-12-31,2021,4,975352,,238326457,83178227,
8316 JP Equity,2022-03-31,2022,1,982800,,245507294,82792764,
8316 JP Equity,2022-06-30,2022,2,1137535,,257246418,81969505,
8316 JP Equity,2022-09-30,2022,3,1439060,,258987935,82680118,
8316 JP Equity,2022-12-31,2022,4,1481994,,252160606,81443754,
8316 JP Equity,2023-03-31,2023,1,1666670,,257637458,87371546,
8316 JP Equity,2023-06-30,2023,2,2004528,,271206378,92675030,
8316 JP Equity,2023-09-30,2023,3,2106511,,279903979,91217225,
8316 JP Equity,2023-12-31,2023,4,2277301,,271872889,90920615,
8316 JP Equity,2024-03-31,2024,1,2336035,,280436734,91998946,
8316 JP Equity,2024-06-30,2024,2,2463367,,286899948,92576076,
8316 JP Equity,2024-09-30,2024,3,2452368,,275129842,91369134,
8316 JP Equity,2024-12-31,2024,4,2560596,,295571084,95552942,
8411 JP Equity,2020-03-31,2020,1,923156,,205995230,60235919,
8411 JP Equity,2020-06-30,2020,2,775661,,211882582,56538821,
8411 JP Equity,2020-09-30,2020,3,707386,,212140512,55408096,
8411 JP Equity,2020-12-31,2020,4,687992,,208892023,56965279,
8411 JP Equity,2021-03-31,2021,1,883919,,216224004,60195411,
8411 JP Equity,2021-06-30,2021,2,695128,,217424884,60596746,
8411 JP Equity,2021-09-30,2021,3,708264,,217554506,64338576,
8411 JP Equity,2021-12-31,2021,4,718561,,216018735,65156936,
8411 JP Equity,2022-03-31,2022,1,678958,,227865111,65049672,
8411 JP Equity,2022-06-30,2022,2,864636,,241641479,67695111,
8411 JP Equity,2022-09-30,2022,3,1098157,,247131370,70560211,
8411 JP Equity,2022-12-31,2022,4,1319241,,242762605,72226132,
8411 JP Equity,2023-03-31,2023,1,1508719,,245049740,80232414,
8411 JP Equity,2023-06-30,2023,2,1794712,,256574260,76615002,
8411 JP Equity,2023-09-30,2023,3,1962495,,262538408,77705020,
8411 JP Equity,2023-12-31,2023,4,1936773,,261207078,86720465,
8411 JP Equity,2024-03-31,2024,1,2485295,,268360016,94761960,
8411 JP Equity,2024-06-30,2024,2,2300730,,281900072,96574275,
8411 JP Equity,2024-09-30,2024,3,2102088,,266593572,95400025,
8411 JP Equity,2024-12-31,2024,4,2375465,,274808339,91578626,
883 HK Equity,2021-09-30,2021,3,59683,,,,
883 HK Equity,2022-03-31,2022,1,90898,,308420,173425,430
883 HK Equity,2022-06-30,2022,2,111457,,370001,253366,141
883 HK Equity,2022-09-30,2022,3,108790,,366130,244915,-132
883 HK Equity,2022-12-31,2022,4,111085,,330648,209596,-291
883 HK Equity,2023-03-31,2023,1,97711,,334222,235470,-285
883 HK Equity,2023-06-30,2023,2,94353,,361348,215957,-643
883 HK Equity,2023-09-30,2023,3,114753,,375395,208813,-667
883 HK Equity,2023-12-31,2023,4,109792,,337722,194866,-787
883 HK Equity,2024-03-31,2024,1,111468,,347100,226688,-1018
883 HK Equity,2024-06-30,2024,2,115302,,354501,235535,135
883 HK Equity,2024-09-30,2024,3,99254,,358786,232232,-731
883 HK Equity,2024-12-31,2024,4,94482,,306845,199967,-161
902 HK Equity,2020-03-31,2020,1,40382.6063,,292601.4805,14895.4809,2464.0387
902 HK Equity,2020-06-30,2020,2,38766.249,,287774.8227,14908.677,2268.6723
902 HK Equity,2020-09-30,2020,3,42705.8125,,279508.9908,14017.482,2094.6536
902 HK Equity,2020-12-31,2020,4,47584.5197,,296730.3985,13257.8934,2109.4945
902 HK Equity,2021-03-31,2021,1,49983.6838,,298014.8478,14282.952,2067.0941
902 HK Equity,2021-06-30,2021,2,45277.0019,,305001.6449,13625.5385,2056.834
902 HK Equity,2021-09-30,2021,3,50058.084,,315615.92,14484.105,2099.2311
902 HK Equity,2021-12-31,2021,4,59760.7269,,366176.4811,15554.825,2285.0061
902 HK Equity,2022-03-31,2022,1,65250.3796,,365440.5597,16957.3464,2480.4667
902 HK Equity,2022-06-30,2022,2,51618.6824,,360136.1448,15226.4606,2466.1687
902 HK Equity,2022-09-30,2022,3,67083.7232,,366313.8437,17061.9614,2370.19
902 HK Equity,2022-12-31,2022,4,62772.0041,,376061.9267,16517.1083,2305.2097
902 HK Equity,2023-03-31,2023,1,65269.3682,,362178.768,18697.627,2217.7863
902 HK Equity,2023-06-30,2023,2,60762.8993,,366201.5375,16284.5733,2121.4343
902 HK Equity,2023-09-30,2023,3,65289.4465,,365296.5311,18754.322,2060.5977
902 HK Equity,2023-12-31,2023,4,63074.9806,,369796.7196,16150.6348,2031.3876
902 HK Equity,2024-03-31,2024,1,65366.8847,,368584.2891,20778.9295,1885.6682
902 HK Equity,2024-06-30,2024,2,53438.9732,,375803.3191,20326.7417,1857.4668
902 HK Equity,2024-09-30,2024,3,65589.8571,,363443.1748,28274.1763,1800.2815
902 HK Equity,2024-12-31,2024,4,61155.2085,,383794.9276,18601.1063,1637.1248
926126Z ID Equity,2024-12-31,2024,4,2.224,,6866.328,5.764,
939 HK Equity,2020-03-31,2020,1,312846,,24775110,4635279,
939 HK Equity,2020-06-30,2020,2,288350,,25353930,4262005,
939 HK Equity,2020-09-30,2020,3,289595,,25952251,4363399,
939 HK Equity,2020-12-31,2020,4,290769,,25742901,4240040,
939 HK Equity,2021-03-31,2021,1,329519,,26908834,4401566,
939 HK Equity,2021-06-30,2021,2,315196,,27370847,4285361,
939 HK Equity,2021-09-30,2021,3,326960,,27587342,4108140,
939 HK Equity,2021-12-31,2021,4,321190,,27639857,3656239,
939 HK Equity,2022-03-31,2022,1,328362,,29314072,4068093,
939 HK Equity,2022-06-30,2022,2,300944,,31007226,4620040,
939 HK Equity,2022-09-30,2022,3,334573,,31486358,4724060,
939 HK Equity,2022-12-31,2022,4,333230,,31724467,4895352,
939 HK Equity,2023-03-31,2023,1,358371,,33978267,5458305,
939 HK Equity,2023-06-30,2023,2,353731,,35298478,5735681,
939 HK Equity,2023-09-30,2023,3,355124,,34748165,4535735,
939 HK Equity,2023-12-31,2023,4,360944,,35152752,4869044,
939 HK Equity,2024-03-31,2024,1,369181,,36466753,4788130,
939 HK Equity,2024-06-30,2024,2,354195,,37038911,4912457,
939 HK Equity,2024-09-30,2024,3,353076,,37579717,4792859,
939 HK Equity,2024-12-31,2024,4,341757,,37227184,4021327,
998 HK Equity,2020-03-31,2020,1,91498,,6480163,808936,
998 HK Equity,2020-06-30,2020,2,79812,,6534250,793983,
998 HK Equity,2020-09-30,2020,3,122967,,6773766,801421,
998 HK Equity,2020-12-31,2020,4,41718,,6951123,848051,
998 HK Equity,2021-03-31,2021,1,91554,,7209895,782208,
998 HK Equity,2021-06-30,2021,2,81741,,7199923,774265,
998 HK Equity,2021-09-30,2021,3,133101,,7259523,784115,
998 HK Equity,2021-12-31,2021,4,38793,,7400258,778594,
998 HK Equity,2022-03-31,2022,1,94682,,7577234,804922,
998 HK Equity,2022-06-30,2022,2,89239,,7616727,773518,
998 HK Equity,2022-09-30,2022,3,94117,,7944166,873179,
998 HK Equity,2022-12-31,2022,4,86112,,7861713,788109,
998 HK Equity,2023-03-31,2023,1,94632,,8080741,847003,
998 HK Equity,2023-06-30,2023,2,92139,,8122284,783558,
998 HK Equity,2023-09-30,2023,3,95570,,8198567,720682,
998 HK Equity,2023-12-31,2023,4,99394,,8317809,840032,
998 HK Equity,2024-03-31,2024,1,98353,,8285630,823420,
998 HK Equity,2024-06-30,2024,2,92755,,8288872,840618,
998 HK Equity,2024-09-30,2024,3,94271,,8429295,869156,
998 HK Equity,2024-12-31,2024,4,93441,,8725357,1010174,
AAPL US Equity,2020-03-31,2020,1,58313,15639,241975,192844,-292
AAPL US Equity,2020-06-30,2020,2,59685,16224,245062,193617,-204
AAPL US Equity,2020-09-30,2020,3,64698,17877,258549,191830,-134
AAPL US Equity,2020-12-31,2020,4,111439,36200,287830,195571,-109
AAPL US Equity,2021-03-31,2021,1,89584,30300,267980,204373,-48
AAPL US Equity,2021-06-30,2021,2,81434,26958,265560,193644,-54
AAPL US Equity,2021-09-30,2021,3,83360,26775,287912,190516,13
AAPL US Equity,2021-12-31,2021,4,123945,44185,309259,202596,44
AAPL US Equity,2022-03-31,2022,1,97278,32716,283263,192730,-9
AAPL US Equity,2022-06-30,2022,2,82959,25881,278202,179308,-3
AAPL US Equity,2022-09-30,2022,3,90146,27759,302083,169109,74
AAPL US Equity,2022-12-31,2022,4,117154,38932,290020,165450,135
AAPL US Equity,2023-06-30,2023,2,94836,31216,270002,166333,12
AAPL US Equity,2023-09-30,2023,3,81797,26050,274764,166543,18
AAPL US Equity,2023-09-30,2023,3,89498,29622,290437,162099,18
AAPL US Equity,2023-12-31,2023,4,119575,43221,279414,172575,
AAPL US Equity,2024-03-31,2024,1,90753,30736,263217,162337,
AAPL US Equity,2024-06-30,2024,2,85777,28202,264904,153041,
AAPL US Equity,2024-09-30,2024,3,94930,32502,308030,156650,
AAPL US Equity,2024-12-31,2024,4,124300,45912,277327,141368,
ABBV US Equity,2020-03-31,2020,1,8619,4162,98614,41142,428
ABBV US Equity,2020-06-30,2020,2,10425,2307,134798,6040,614
ABBV US Equity,2020-09-30,2020,3,12902,5547,134332,7950,620
ABBV US Equity,2020-12-31,2020,4,13858,5818,137468,8479,618
ABBV US Equity,2021-03-31,2021,1,13010,6318,136768,9777,622
ABBV US Equity,2021-06-30,2021,2,13959,6641,135378,8600,606
ABBV US Equity,2021-09-30,2021,3,14342,6433,135281,12249,585
ABBV US Equity,2021-12-31,2021,4,14886,7053,131093,9830,571
ABBV US Equity,2022-03-31,2022,1,13538,6770,126897,7572,539
ABBV US Equity,2022-06-30,2022,2,14583,5347,128498,9961,532
ABBV US Equity,2022-09-30,2022,3,14812,6808,125298,11879,497
ABBV US Equity,2022-12-31,2022,4,15121,7659,121518,9229,476
ABBV US Equity,2023-03-31,2023,1,12225,4895,121241,6722,454
ABBV US Equity,2023-06-30,2023,2,13865,6773,122469,8766,454
ABBV US Equity,2023-09-30,2023,3,13927,4516,124092,13290,398
ABBV US Equity,2023-12-31,2023,4,14301,5271,124314,12816,378
ABBV US Equity,2024-03-31,2024,1,12310,4872,140827,18069,453
ABBV US Equity,2024-06-30,2024,2,14462,6129,135116,13157,506
ABBV US Equity,2024-09-30,2024,3,14460,5910,137351,7285,591
ABBV US Equity,2024-12-31,2024,4,15102,612,131797,5555,610
ACA FP Equity,2020-03-31,2020,1,5200,,1817500,581800,
ACA FP Equity,2020-06-30,2020,2,4897,,1903440,769418,
ACA FP Equity,2020-09-30,2020,3,5151,,1896500,644600,
ACA FP Equity,2020-12-31,2020,4,5251,,1887567,781267,
ACA FP Equity,2021-03-31,2021,1,5493,,1957300,713000,
ACA FP Equity,2021-06-30,2021,2,5818,,1988086,865202,
ACA FP Equity,2021-09-30,2021,3,5531,,2015200,750700,
ACA FP Equity,2021-12-31,2021,4,5815,,1997039,855771,
ACA FP Equity,2022-03-31,2022,1,5584,,2049900,762200,
ACA FP Equity,2022-06-30,2022,2,5619,,2076646,885527,
ACA FP Equity,2022-09-30,2022,3,5321,,2185900,788400,
ACA FP Equity,2022-12-31,2022,4,5967,,2062606,780886,
ACA FP Equity,2023-03-31,2023,1,6121,,,,
ACA FP Equity,2023-06-30,2023,2,6676,,2103126,882763,
ACA FP Equity,2023-09-30,2023,3,6343,,2100600,710800,
ACA FP Equity,2023-12-31,2023,4,6040,,2109478,737804,
ACA FP Equity,2024-03-31,2024,1,6806,,2139200,736500,
ACA FP Equity,2024-06-30,2024,2,6796,,2153797,886344,
ACA FP Equity,2024-09-30,2024,3,6487,,2165800,717900,
ACA FP Equity,2024-12-31,2024,4,7092,,2226471,735561,
ADCB UH Equity,2020-03-31,2020,1,5331.232,,363687.973,53716.254,
ADCB UH Equity,2020-06-30,2020,2,4302.532,,353246.879,45322.644,
ADCB UH Equity,2020-09-30,2020,3,4053.275,,354236.803,38246.153,
ADCB UH Equity,2020-12-31,2020,4,3968.33,,354554.913,51137.049,
ADCB UH Equity,2021-03-31,2021,1,3760.144,,340095.753,38369.306,
ADCB UH Equity,2021-06-30,2021,2,3912.661,,359181.399,47778.058,
ADCB UH Equity,2021-09-30,2021,3,3731.009,,373894.226,55708.644,
ADCB UH Equity,2021-12-31,2021,4,4144.592,,380908.343,60416.345,
ADCB UH Equity,2022-03-31,2022,1,3843.692,,388325.073,61728.436,
ADCB UH Equity,2022-06-30,2022,2,4762.384,,418226.336,79280.059,
ADCB UH Equity,2022-09-30,2022,3,5608.64,,427496.169,75925.498,
ADCB UH Equity,2022-12-31,2022,4,7644.81,,436416.028,74768.51,
ADCB UH Equity,2023-03-31,2023,1,7512.309,,439656.501,64963.679,
ADCB UH Equity,2023-06-30,2023,2,8203.332,,457588.907,73452.993,
ADCB UH Equity,2023-09-30,2023,3,8849.934,,471582.96,75644.025,
ADCB UH Equity,2023-12-31,2023,4,9758.795,,495941.018,83000.156,
ADCB UH Equity,2024-03-31,2024,1,9948.397,,525724.447,81873.111,
ADCB UH Equity,2024-06-30,2024,2,10225.883,,541534.758,81621.6,
ADCB UH Equity,2024-09-30,2024,3,10533.114,,565061.836,88310.527,
ADCB UH Equity,2024-12-31,2024,4,11227.84,,577247.317,96436.576,
AIG US Equity,2020-03-31,2020,1,14443,,448634,2738,
AIG US Equity,2020-06-30,2020,2,9396,,506570,3408,
AIG US Equity,2020-09-30,2020,3,10221,,512623,3191,
AIG US Equity,2020-12-31,2020,4,9676,,519282,2827,
AIG US Equity,2021-03-31,2021,1,14454,,520830,2796,
AIG US Equity,2021-06-30,2021,2,10681,,531342,2760,
AIG US Equity,2021-09-30,2021,3,12835,,529141,2699,
AIG US Equity,2021-12-31,2021,4,14087,,527200,2198,
AIG US Equity,2022-03-31,2022,1,14944,,518204,2537,
AIG US Equity,2022-06-30,2022,2,14441,,492114,2378,
AIG US Equity,2022-09-30,2022,3,13998,,475711,2294,
AIG US Equity,2022-12-31,2022,4,11845,,478774,2043,
AIG US Equity,2023-03-31,2023,1,10788,,490321,1923,
AIG US Equity,2023-06-30,2023,2,7436,,490647,1531,
AIG US Equity,2023-09-30,2023,3,7267,,478308,1994,
AIG US Equity,2023-12-31,2023,4,6526,,488005,1540,
AIG US Equity,2024-03-31,2024,1,6710,,495011,1406,
AIG US Equity,2024-06-30,2024,2,6560,,123415,1381,
AIG US Equity,2024-09-30,2024,3,6706,,124376,1472,
AIG US Equity,2024-12-31,2024,4,7133,,118772,1302,
ALLY US Equity,2020-03-31,2020,1,2617,945,169008,6161,
ALLY US Equity,2020-06-30,2020,2,2733,1636,170235,19131,
ALLY US Equity,2020-09-30,2020,3,2678,1770,171144,19939,
ALLY US Equity,2020-12-31,2020,4,2853,1902,167462,15621,
ALLY US Equity,2021-03-31,2021,1,2658,1949,167254,15778,
ALLY US Equity,2021-06-30,2021,2,2738,1821,162940,13664,
ALLY US Equity,2021-09-30,2021,3,2568,1652,161895,10915,
ALLY US Equity,2021-12-31,2021,4,2800,1654,165064,5062,
ALLY US Equity,2022-03-31,2022,1,2753,1586,168884,3932,
ALLY US Equity,2022-06-30,2022,2,2762,1437,171719,4167,
ALLY US Equity,2022-09-30,2022,3,3058,1555,176206,5004,
ALLY US Equity,2022-12-31,2022,4,3626,1965,178967,5571,
ALLY US Equity,2023-03-31,2023,1,3784,2170,182787,9780,
ALLY US Equity,2023-06-30,2023,2,3960,2387,183709,9972,
ALLY US Equity,2023-09-30,2023,3,4030,2395,182879,8515,
ALLY US Equity,2023-12-31,2023,4,4206,2293,182626,6945,
ALLY US Equity,2024-03-31,2024,1,4112,2416,179220,8153,
ALLY US Equity,2024-06-30,2024,2,4043,2425,178680,7369,
ALLY US Equity,2024-09-30,2024,3,4189,2439,178256,8616,
ALLY US Equity,2024-12-31,2024,4,4045,2185,177933,10292,
AMZN US Equity,2020-03-31,2020,1,75452,10419,155966,49292,200
AMZN US Equity,2020-06-30,2020,2,88912,12740,184586,71391,268
AMZN US Equity,2020-09-30,2020,3,96145,14051,199404,68402,310
AMZN US Equity,2020-12-31,2020,4,125555,15959,227791,84396,314
AMZN US Equity,2021-03-31,2021,1,108518,17929,219757,73270,294
AMZN US Equity,2021-06-30,2021,2,113080,17402,245516,89894,329
AMZN US Equity,2021-09-30,2021,3,110812,15711,261842,78988,374
AMZN US Equity,2021-12-31,2021,4,137412,15397,282304,96049,364
AMZN US Equity,2022-03-31,2022,1,116444,14750,276766,66385,364
AMZN US Equity,2022-06-30,2022,2,121234,15044,288326,60710,425
AMZN US Equity,2022-09-30,2022,3,127101,14965,290873,58662,340
AMZN US Equity,2022-12-31,2022,4,149204,17797,316632,70026,249
AMZN US Equity,2023-03-31,2023,1,127358,18409,309852,64405,212
AMZN US Equity,2023-06-30,2023,2,134383,21878,309005,63970,179
AMZN US Equity,2023-09-30,2023,3,143083,25998,303910,64169,30
AMZN US Equity,2023-12-31,2023,4,169961,29780,325979,86780,-188
AMZN US Equity,2024-03-31,2024,1,143313,29820,314308,85074,-349
AMZN US Equity,2024-06-30,2024,2,147977,29631,318371,89092,-591
AMZN US Equity,2024-09-30,2024,3,158877,33910,325475,88051,-653
AMZN US Equity,2024-12-31,2024,4,187792,39988,338924,101202,-678
AN3 AU Equity,2023-03-31,2023,1,24365,,1041591,225711,
AN3 AU Equity,2023-09-30,2023,3,23625,,1036979,186707,
AN3 AU Equity,2024-03-31,2024,1,31984,,1019936,150442,
AN3 AU Equity,2024-09-30,2024,3,23544,,1160825,167204,
BA US Equity,2020-03-31,2020,1,16908,-797,152435,15527,262
BA US Equity,2020-06-30,2020,2,11807,-2417,174254,32430,553
BA US Equity,2020-09-30,2020,3,14139,164,172814,27116,643
BA US Equity,2020-12-31,2020,4,15304,-7471,170211,25590,698
BA US Equity,2021-03-31,2021,1,15217,453,167876,21920,679
BA US Equity,2021-06-30,2021,2,16998,1574,165420,21342,673
BA US Equity,2021-09-30,2021,3,15278,852,161112,19995,669
BA US Equity,2021-12-31,2021,4,14793,-3637,153398,16244,661
BA US Equity,2022-03-31,2022,1,13991,-683,151069,12282,630
BA US Equity,2022-06-30,2022,2,16681,1272,150270,11448,650
BA US Equity,2022-09-30,2022,3,15956,-2306,155193,14257,621
BA US Equity,2022-12-31,2022,4,19980,157,152948,17220,640
BA US Equity,2023-03-31,2023,1,17921,308,151831,14767,649
BA US Equity,2023-06-30,2023,2,19751,357,150267,13762,621
BA US Equity,2023-09-30,2023,3,18104,-341,150998,13372,589
BA US Equity,2023-12-31,2023,4,22018,764,154240,15965,600
BA US Equity,2024-03-31,2024,1,16569,356,151500,7529,569
BA US Equity,2024-06-30,2024,2,16866,-649,160702,12621,673
BA US Equity,2024-09-30,2024,3,17840,-5317,161257,10470,728
BA US Equity,2024-12-31,2024,4,15242,-3261,160277,26282,755
BAC US Equity,2020-03-31,2020,1,26735,,2355036,564642,
BAC US Equity,2020-06-30,2020,2,24018,,2476051,746596,
BAC US Equity,2020-09-30,2020,3,21693,,2469602,632839,
BAC US Equity,2020-12-31,2020,4,21307,,2546703,691067,
BAC US Equity,2021-03-31,2021,1,24019,,2696028,585248,
BAC US Equity,2021-06-30,2021,2,22620,,2752775,535980,
BAC US Equity,2021-09-30,2021,3,24008,,2812982,548306,
BAC US Equity,2021-12-31,2021,4,23204,,2858462,598941,
BAC US Equity,2022-03-31,2022,1,24550,,2971606,576042,
BAC US Equity,2022-06-30,2022,2,25219,,2842488,477273,
BAC US Equity,2022-09-30,2022,3,30358,,2803429,487672,
BAC US Equity,2022-12-31,2022,4,34926,,2778178,497777,
BAC US Equity,2023-03-31,2023,1,40465,,2914461,674296,
BAC US Equity,2023-06-30,2023,2,43393,,2839879,657775,
BAC US Equity,2023-09-30,2023,3,44412,,2866026,660975,
BAC US Equity,2023-12-31,2023,4,43642,,2888505,622043,
BAC US Equity,2024-03-31,2024,1,49116,,2980251,637356,
BAC US Equity,2024-06-30,2024,2,49457,,2964104,666753,
BAC US Equity,2024-09-30,2024,3,49737,,3027781,641446,
BAC US Equity,2024-12-31,2024,4,48093,,2965960,571195,
BARC LN Equity,2020-03-31,2020,1,6283,,1374696,324351,
BARC LN Equity,2020-06-30,2020,2,5338,,1315576,351621,
BARC LN Equity,2020-09-30,2020,3,5204,,1352612,381822,
BARC LN Equity,2020-12-31,2020,4,4941,,1282632,301525,
BARC LN Equity,2021-03-31,2021,1,5900,,1313487,332459,
BARC LN Equity,2021-06-30,2021,2,5415,,1308217,333343,
BARC LN Equity,2021-09-30,2021,3,5465,,1336752,351445,
BARC LN Equity,2021-12-31,2021,4,5160,,1314244,334343,
BARC LN Equity,2022-03-31,2022,1,6496,,1426661,404204,
BARC LN Equity,2022-06-30,2022,2,6708,,1518634,417398,
BARC LN Equity,2022-09-30,2022,3,5951,,1658896,426187,
BARC LN Equity,2022-12-31,2022,4,5801,,1444439,369724,
BARC LN Equity,2023-03-31,2023,1,7237,,1468395,396267,
BARC LN Equity,2023-06-30,2023,2,6285,,1481169,385919,
BARC LN Equity,2023-09-30,2023,3,6258,,1522746,405068,
BARC LN Equity,2023-12-31,2023,4,5598,,1405623,336117,
BARC LN Equity,2024-03-31,2024,1,6953,,1504778,391594,
BARC LN Equity,2024-06-30,2024,2,6324,,1504801,394937,
BARC LN Equity,2024-09-30,2024,3,6547,,1459503,360343,
BARC LN Equity,2024-12-31,2024,4,6964,,1445721,334761,
BCMZ HK Equity,2020-12-31,2020,4,6865.804,,325846.699,28533.686,
BCMZ HK Equity,2021-12-31,2021,4,7541.832,,406955.372,21865.92,
BCMZ HK Equity,2022-12-31,2022,4,13005.664,,416461.841,26814.54,
BCMZ HK Equity,2023-12-31,2023,4,22390.271,,370950.809,25871.009,
BCMZ HK Equity,2024-12-31,2024,4,22979.777,,373528.463,34886.427,
BK US Equity,2020-03-31,2020,1,4864,,426776,201661,
BK US Equity,2020-06-30,2020,2,4173,,398350,172187,
BK US Equity,2020-09-30,2020,3,3964,,383051,158963,
BK US Equity,2020-12-31,2020,4,3978,,423513,196234,
BK US Equity,2021-03-31,2021,1,4004,,419581,183541,
BK US Equity,2021-06-30,2021,2,4000,,421169,182541,
BK US Equity,2021-09-30,2021,3,4087,,426481,182265,
BK US Equity,2021-12-31,2021,4,4067,,401047,154765,
BK US Equity,2022-03-31,2022,1,4006,,431659,187233,
BK US Equity,2022-06-30,2022,2,4589,,411476,170136,
BK US Equity,2022-09-30,2022,3,5337,,388057,149507,
BK US Equity,2022-12-31,2022,4,6087,,364933,138152,
BK US Equity,2023-03-31,2023,1,7229,,384310,164614,
BK US Equity,2023-06-30,2023,2,8628,,389280,172322,
BK US Equity,2023-09-30,2023,3,8923,,364117,151621,
BK US Equity,2023-12-31,2023,4,9316,,368972,157511,
BK US Equity,2024-03-31,2024,1,9583,,393966,164799,
BK US Equity,2024-06-30,2024,2,9959,,387418,162661,
BK US Equity,2024-09-30,2024,3,10252,,385071,153983,
BK US Equity,2024-12-31,2024,4,10120,,374300,144482,
BNP FP Equity,2020-03-31,2020,1,10888,,2559799,423687,
BNP FP Equity,2020-06-30,2020,2,11675,,2506951,601187,
BNP FP Equity,2020-09-30,2020,3,10885,,2479049,353751,
BNP FP Equity,2020-12-31,2020,4,10827,,2371142,558726,
BNP FP Equity,2021-03-31,2021,1,11829,,2541891,366661,
BNP FP Equity,2021-06-30,2021,2,11776,,2551340,679343,
BNP FP Equity,2021-09-30,2021,3,11398,,2604904,419349,
BNP FP Equity,2021-12-31,2021,4,11232,,2511937,600394,
BNP FP Equity,2022-03-31,2022,1,11868,,2737203,415536,
BNP FP Equity,2022-06-30,2022,2,14151,,2770478,656631,
BNP FP Equity,2022-09-30,2022,3,11141,,2883914,393631,
BNP FP Equity,2022-12-31,2022,4,10885,,2537738,516829,
BNP FP Equity,2023-03-31,2023,1,12534,,2561790,374449,
BNP FP Equity,2023-06-30,2023,2,11363,,2542877,578473,
BNP FP Equity,2023-09-30,2023,3,11581,,2572050,310586,
BNP FP Equity,2023-12-31,2023,4,10898,,2462632,517178,
BNP FP Equity,2024-03-31,2024,1,12483,,2569397,249718,
BNP FP Equity,2024-06-30,2024,2,12270,,2571491,478652,
BNP FP Equity,2024-09-30,2024,3,11941,,2622357,245951,
BNP FP Equity,2024-12-31,2024,4,12137,,2570767,412064,
C US Equity,2020-03-31,2020,1,26378,9702,2026788,548456,
C US Equity,2020-06-30,2020,2,23275,5544,2040413,592690,
C US Equity,2020-09-30,2020,3,20123,7808,2039864,613053,
C US Equity,2020-12-31,2020,4,19063,8723,2059890,604327,
C US Equity,2021-03-31,2021,1,21695,13639,2110993,639754,
C US Equity,2021-06-30,2021,2,19738,11556,2124958,608285,
C US Equity,2021-09-30,2021,3,19406,8856,2160266,661504,
C US Equity,2021-12-31,2021,4,19026,6944,2088741,589321,
C US Equity,2022-03-31,2022,1,21466,8561,2195752,617497,
C US Equity,2022-06-30,2022,2,23304,10711,2181278,645364,
C US Equity,2022-09-30,2022,3,25864,12815,2181947,648821,
C US Equity,2022-12-31,2022,4,30444,16722,2214838,707426,
C US Equity,2023-03-31,2023,1,37494,23341,2246094,713157,
C US Equity,2023-06-30,2023,2,38183,23925,2214253,634011,
C US Equity,2023-09-30,2023,3,41148,26938,2158282,589046,
C US Equity,2023-12-31,2023,4,39995,21624,2205583,606632,
C US Equity,2024-03-31,2024,1,43820,28370,2225112,616994,
C US Equity,2024-06-30,2024,2,42633,27905,2196542,564104,
C US Equity,2024-09-30,2024,3,43303,28565,2220761,589022,
C US Equity,2024-12-31,2024,4,40895,26135,2143579,550594,
CAT US Equity,2020-03-31,2020,1,10635,2018,61655,7123,70
CAT US Equity,2020-06-30,2020,2,9997,1392,62789,8784,108
CAT US Equity,2020-09-30,2020,3,9881,1578,61747,9315,115
CAT US Equity,2020-12-31,2020,4,11235,1997,62946,9352,109
CAT US Equity,2021-03-31,2021,1,11887,2400,64112,11342,119
CAT US Equity,2021-06-30,2021,2,12889,2376,64817,10831,99
CAT US Equity,2021-09-30,2021,3,12397,2257,64089,9446,94
CAT US Equity,2021-12-31,2021,4,13798,2197,66277,9254,96
CAT US Equity,2022-03-31,2022,1,13589,2412,65179,6526,88
CAT US Equity,2022-06-30,2022,2,14247,2497,65348,6014,83
CAT US Equity,2022-09-30,2022,3,14994,2976,65285,6346,57
CAT US Equity,2022-12-31,2022,4,16597,2238,66052,7004,48
CAT US Equity,2023-03-31,2023,1,15862,3263,65479,6789,36
CAT US Equity,2023-06-30,2023,2,17318,4194,67171,7387,31
CAT US Equity,2023-09-30,2023,3,16810,3974,66284,6545,-6
CAT US Equity,2023-12-31,2023,4,17070,3679,67973,6978,126
CAT US Equity,2024-03-31,2024,1,15799,4043,66096,4959,7
CAT US Equity,2024-06-30,2024,2,16689,4013,66200,4341,19
CAT US Equity,2024-09-30,2024,3,16106,3690,66870,5638,17
CAT US Equity,2024-12-31,2024,4,16215,3479,68270,6889,107
CBA AU Equity,2020-06-30,2020,2,16734,,942047,52712,
CBA AU Equity,2020-12-31,2020,4,15180,,982731,70299,
CBA AU Equity,2021-06-30,2021,2,14454,,1013287,105126,
CBA AU Equity,2021-12-31,2021,4,14257,,1075150,139427,
CBA AU Equity,2022-06-30,2022,2,14694,,1142422,167999,
CBA AU Equity,2022-12-31,2022,4,21981,,1159860,163738,
CBA AU Equity,2023-06-30,2023,2,26885,,1180790,122698,
CBA AU Equity,2023-12-31,2023,4,31524,,1203130,99440,
CBA AU Equity,2024-06-30,2024,2,33402,,1180988,88942,
CBA AU Equity,2024-12-31,2024,4,34847,,1233302,82777,
CHSGCZ CH Equity,2020-03-31,2020,1,576246.5993,,2341972.929,82274.3538,
CHSGCZ CH Equity,2020-06-30,2020,2,622156.439,,2399359.751,122974.6718,
CHSGCZ CH Equity,2020-09-30,2020,3,766611.4384,,2424450.14,126214.0979,
CHSGCZ CH Equity,2020-12-31,2020,4,705639.8179,,2441787.005,178494.8762,
CHSGCZ CH Equity,2021-03-31,2021,1,682443.5421,,2420380.935,200675.0992,
CHSGCZ CH Equity,2021-06-30,2021,2,686863.6884,,2467261.92,212161.5607,
CHSGCZ CH Equity,2021-09-30,2021,3,806035.9589,,2533431.199,222206.7632,
CHSGCZ CH Equity,2021-12-31,2021,4,792695.3349,,2629460.81,156004.7228,
CHSGCZ CH Equity,2022-03-31,2022,1,791024.8067,,2620619.779,201746.0074,
CHSGCZ CH Equity,2022-06-30,2022,2,858985.8084,,2636356.265,196481.5564,
CHSGCZ CH Equity,2022-09-30,2022,3,947014.4474,,2643028.245,180608.4908,
CHSGCZ CH Equity,2022-12-31,2022,4,975589.4343,,2713668.005,153236.4165,
CHSGCZ CH Equity,2023-03-31,2023,1,893043.126,,2713668.005,153239.8743,
CHSGCZ CH Equity,2023-06-30,2023,2,899295.1902,,2772802.989,164525.7888,
CHSGCZ CH Equity,2023-09-30,2023,3,1045502.082,,2719959.573,153249.3157,
CHSGCZ CH Equity,2023-12-31,2023,4,1026782.758,,3003375.596,182559.2582,
CHSGCZ CH Equity,2024-03-31,2024,1,945329.6615,,2964439.359,177913.5676,
CHSGCZ CH Equity,2024-06-30,2024,2,930740.7389,,3017999.027,176612.8233,
CHSGCZ CH Equity,2024-09-30,2024,3,1097402.461,,3028963.389,160705.0423,
CHSGCZ CH Equity,2024-12-31,2024,4,972436.0277,,3156375.391,159342.3936,
CJSXGZ CH Equity,2020-03-31,2020,1,19497.6395,,418121.6342,55225.4773,2024.2183
CJSXGZ CH Equity,2020-06-30,2020,2,23284.9572,,473432.0488,55083.0104,2170.2068
CJSXGZ CH Equity,2020-09-30,2020,3,35837.1663,,480649.6965,42009.05,2480.0425
CJSXGZ CH Equity,2020-12-31,2020,4,33018.3028,,494518.9591,59565.6982,
CJSXGZ CH Equity,2021-03-31,2021,1,23968.8025,,536661.1823,75823.2263,3053.4279
CJSXGZ CH Equity,2021-06-30,2021,2,29047.3674,,559715.6958,92831.4371,2783.1409
CJSXGZ CH Equity,2021-09-30,2021,3,41636.2496,,593252.6647,93214.4086,3152.9225
CJSXGZ CH Equity,2021-12-31,2021,4,43654.0548,,599588.4603,63842.0027,2626.7588
CJSXGZ CH Equity,2022-03-31,2022,1,30997.8679,,643525.2028,82432.5264,4058.3331
CJSXGZ CH Equity,2022-06-30,2022,2,39750.1841,,672954.349,94652.4691,3790.5243
CJSXGZ CH Equity,2022-09-30,2022,3,41934.0197,,652259.6215,77676.0227,4258.9846
CJSXGZ CH Equity,2022-12-31,2022,4,33576.6112,,678294.337,57744.4505,3538.1378
CJSXGZ CH Equity,2023-03-31,2023,1,32844.1169,,690888.8519,59940.2059,4319.3504
CJSXGZ CH Equity,2023-06-30,2023,2,32350.6358,,711892.9078,73734.681,4317.7562
CJSXGZ CH Equity,2023-09-30,2023,3,45233.1393,,721437.9519,69621.7408,4388.9411
CJSXGZ CH Equity,2023-12-31,2023,4,41861.4965,,777426.452,51234.6076,4303.7734
CJSXGZ CH Equity,2024-03-31,2024,1,35164.9633,,790683.778,63583.6746,4493.4421
CJSXGZ CH Equity,2024-06-30,2024,2,37739.4192,,813592.7981,66517.7905,4286.0085
CJSXGZ CH Equity,2024-09-30,2024,3,51010.4813,,811319.5362,75033.7257,4464.4668
CJSXGZ CH Equity,2024-12-31,2024,4,38602.1065,,833304.5963,79383.9325,4077.4741
CNPZ CH Equity,2020-12-31,2020,4,2087146.8,295543.33,1801535.98,344843.83,15884.05
CNPZ CH Equity,2021-12-31,2021,4,2807275.07,408510,1860721.27,440241.96,14086.1
CNPZ CH Equity,2022-12-31,2022,4,3400008.13,530296.06,1886117.58,375144.64,9387.46
CNPZ CH Equity,2023-12-31,2023,4,3160827.04,540525.09,1866774.58,415967.7,5294.66
CNPZ CH Equity,2024-12-31,2024,4,3136221.27,548474.38,1739000.23,312417.23,3023.72
COP US Equity,2020-03-31,2020,1,6158,1326,33646,7774,160
COP US Equity,2020-06-30,2020,2,2749,776,31553,6892,180
COP US Equity,2020-09-30,2020,3,4386,1179,32374,6522,191
COP US Equity,2020-12-31,2020,4,5491,176,32769,6600,187
COP US Equity,2021-03-31,2021,1,9826,3431,40538,6935,220
COP US Equity,2021-06-30,2021,2,9556,4681,41127,8859,216
COP US Equity,2021-09-30,2021,3,11326,5253,43189,10511,214
COP US Equity,2021-12-31,2021,4,15120,5726,45255,5474,212
COP US Equity,2022-03-31,2022,1,17762,9175,44090,7144,211
COP US Equity,2022-06-30,2022,2,21161,9187,43491,8181,182
COP US Equity,2022-09-30,2022,3,21013,8841,45758,10422,139
COP US Equity,2022-12-31,2022,4,18558,6852,45826,9243,88
COP US Equity,2023-03-31,2023,1,14811,6113,43658,8609,93
COP US Equity,2023-06-30,2023,2,12351,5048,42074,6815,82
COP US Equity,2023-09-30,2023,3,14250,6012,45906,9446,84
COP US Equity,2023-12-31,2023,4,14729,6337,46645,6606,118
COP US Equity,2024-03-31,2024,1,13848,5747,46023,6061,104
COP US Equity,2024-06-30,2024,2,13620,5757,46249,6017,103
COP US Equity,2024-09-30,2024,3,13041,5303,46818,6792,84
COP US Equity,2024-12-31,2024,4,14236,5550,57984,6114,98
CPIZ CH Equity,2020-12-31,2020,4,274795.6329,84608.4709,983758.7409,38881.9578,29295.3837
CPIZ CH Equity,2021-12-31,2021,4,331516.2358,84783.037,1101933.658,48238.9557,28986.5444
CPIZ CH Equity,2022-12-31,2022,4,360592.0677,104102.7935,1108609.357,60308.3723,31042.0249
CPIZ CH Equity,2023-12-31,2023,4,385612.5342,121671.1688,1203057.495,57124.6158,26941.6977
CPIZ CH Equity,2024-12-31,2024,4,395467.8715,123155.2747,1287653.648,65764.4929,25266.1483
CVX US Equity,2020-03-31,2020,1,29705,6897,91763,8542,139
CVX US Equity,2020-06-30,2020,2,15926,-1177,89017,6914,159
CVX US Equity,2020-09-30,2020,3,23997,3905,91025,6894,157
CVX US Equity,2020-12-31,2020,4,24843,3325,107064,5627,190
CVX US Equity,2021-03-31,2021,1,31076,6045,108712,7108,190
CVX US Equity,2021-06-30,2021,2,36117,7814,108895,7561,173
CVX US Equity,2021-09-30,2021,3,42552,10375,103226,6032,166
CVX US Equity,2021-12-31,2021,4,45861,9685,99595,5675,147
CVX US Equity,2022-03-31,2022,1,52314,10849,101948,11704,126
CVX US Equity,2022-06-30,2022,2,65372,16429,103374,12370,100
CVX US Equity,2022-09-30,2022,3,63508,16210,100108,15431,51
CVX US Equity,2022-12-31,2022,4,54523,12745,97467,17901,-22
CVX US Equity,2023-03-31,2023,1,48842,11247,95452,15798,-37
CVX US Equity,2023-06-30,2023,2,47216,9837,92481,9610,-26
CVX US Equity,2023-09-30,2023,3,51922,10810,97679,5938,11
CVX US Equity,2023-12-31,2023,4,48933,11617,99703,8223,30
CVX US Equity,2024-03-31,2024,1,46580,10043,99995,6278,33
CVX US Equity,2024-06-30,2024,2,49574,9594,100381,4008,47
CVX US Equity,2024-09-30,2024,3,48926,9173,102202,4703,100
CVX US Equity,2024-12-31,2024,4,48334,7339,103781,6785,-77
DBK GY Equity,2020-03-31,2020,1,8551,,1427843,146869,
DBK GY Equity,2020-06-30,2020,2,7652,,1344479,183908,
DBK GY Equity,2020-09-30,2020,3,7288,,1325563,195188,
DBK GY Equity,2020-12-31,2020,4,6754,,1263063,246937,
DBK GY Equity,2021-03-31,2021,1,8640,,1253569,200465,
DBK GY Equity,2021-06-30,2021,2,7541,,1255156,215179,
DBK GY Equity,2021-09-30,2021,3,7510,,1260123,213437,
DBK GY Equity,2021-12-31,2021,4,3751,,1255963,286080,
DBK GY Equity,2022-03-31,2022,1,8847,,1274333,186733,
DBK GY Equity,2022-06-30,2022,2,8460,,1317775,194257,
DBK GY Equity,2022-09-30,2022,3,9571,,1427152,201987,
DBK GY Equity,2022-12-31,2022,4,10833,,1264460,278838,
DBK GY Equity,2023-03-31,2023,1,13969,,1233397,176680,
DBK GY Equity,2023-06-30,2023,2,14447,,1227579,182804,
DBK GY Equity,2023-09-30,2023,3,15237,,1284381,190144,
DBK GY Equity,2023-12-31,2023,4,15736,,1237513,199320,
DBK GY Equity,2024-03-31,2024,1,17255,,1254893,175191,
DBK GY Equity,2024-06-30,2024,2,17228,,1276137,180939,
DBK GY Equity,2024-09-30,2024,3,16609,,1303625,178534,
DBK GY Equity,2024-12-31,2024,4,15301,,1307745,194501,
EIBCZ CH Equity,2020-12-31,2020,4,161381.8253,,4724385.68,591584.2904,
EIBCZ CH Equity,2021-12-31,2021,4,173378.1113,,5066103.603,596581.7045,
EIBCZ CH Equity,2022-12-31,2022,4,186030.3865,,5551162.693,393556.6547,
EIBCZ CH Equity,2023-12-31,2023,4,197358,,5992922,536558,
EIBCZ CH Equity,2024-12-31,2024,4,189722,,6072238,299035,
EIBZ KS Equity,2020-12-31,2020,4,3595562,,83620510,6234205,
EIBZ KS Equity,2021-12-31,2021,4,1066262,,86833794,5098912,
EIBZ KS Equity,2022-12-31,2022,4,537833,,107638830,12183310,
EIBZ KS Equity,2023-12-31,2023,4,7651928,,108445582,15933461,
EIBZ KS Equity,2024-12-31,2024,4,6938933,,111668890,12046755,
F US Equity,2020-03-31,2020,1,34320,886,234452,46370,65
F US Equity,2020-06-30,2020,2,19371,-401,238511,57130,316
F US Equity,2020-09-30,2020,3,37501,4219,226782,44831,412
F US Equity,2020-12-31,2020,4,35952,-1655,236450,49961,414
F US Equity,2021-03-31,2021,1,36228,4567,226845,46107,401
F US Equity,2021-06-30,2021,2,26752,1514,213748,41036,389
F US Equity,2021-09-30,2021,3,35683,3181,215973,46426,382
F US Equity,2021-12-31,2021,4,37678,2579,208413,49593,373
F US Equity,2022-03-31,2022,1,34476,3200,207902,41228,247
F US Equity,2022-06-30,2022,2,40190,4785,201518,36700,221
F US Equity,2022-09-30,2022,3,39392,2399,204830,40173,139
F US Equity,2022-12-31,2022,4,43999,3534,212717,44070,-10
F US Equity,2023-03-31,2023,1,41474,4010,214603,39513,-40
F US Equity,2023-06-30,2023,2,44954,6236,222385,42821,-66
F US Equity,2023-09-30,2023,3,43801,3032,223797,41115,-84
F US Equity,2023-12-31,2023,4,45962,2497,230512,40171,-91
F US Equity,2024-03-31,2024,1,42777,3106,231444,34463,-132
F US Equity,2024-06-30,2024,2,47808,5678,232991,34566,-88
F US Equity,2024-09-30,2024,3,46196,2721,242708,36905,-94
F US Equity,2024-12-31,2024,4,48211,3162,240338,38348,-132
FAB UH Equity,2020-03-31,2020,1,7513.195,,741305.641,235056.857,
FAB UH Equity,2020-06-30,2020,2,6839.872,,767966.531,258104.675,
FAB UH Equity,2020-09-30,2020,3,6578.768,,853701.799,342844.557,
FAB UH Equity,2020-12-31,2020,4,6929.435,,810021.54,299299.472,
FAB UH Equity,2021-03-31,2021,1,6474.524,,837972.365,327511.283,
FAB UH Equity,2021-06-30,2021,2,7182.432,,837855.78,292717.338,
FAB UH Equity,2021-09-30,2021,3,8503.933,,873577.275,316350.342,
FAB UH Equity,2021-12-31,2021,4,7807.349,,888448.672,324312.268,
FAB UH Equity,2022-03-31,2022,1,6379.146,,870152.426,271575.267,
FAB UH Equity,2022-06-30,2022,2,7674.305,,930888.35,296783.146,
FAB UH Equity,2022-09-30,2022,3,10527.472,,1033872.507,359295.903,
FAB UH Equity,2022-12-31,2022,4,13341.622,,995005.852,322361.877,
FAB UH Equity,2023-03-31,2023,1,16139.245,,1073163.854,385972.33,
FAB UH Equity,2023-06-30,2023,2,17412,,1029707.048,325433.32,
FAB UH Equity,2023-09-30,2023,3,18127,,1066043.806,360218.203,
FAB UH Equity,2023-12-31,2023,4,17993,,1043210,337160,
FAB UH Equity,2024-03-31,2024,1,19427,,1115374.046,365188.706,
FAB UH Equity,2024-06-30,2024,2,19150,,1051408,308179,
FAB UH Equity,2024-09-30,2024,3,19869,,1100565,334483,
FAB UH Equity,2024-12-31,2024,4,17990.613,,1082372,307789,
FMCC US Equity,2020-03-31,2020,1,17229,15025,2232480,70292,
FMCC US Equity,2020-06-30,2020,2,16989,15075,2324213,108130,
FMCC US Equity,2020-09-30,2020,3,16458,14499,2440180,107326,
FMCC US Equity,2020-12-31,2020,4,15552,14199,2611002,128892,
FMCC US Equity,2021-03-31,2021,1,15536,13744,2723083,116119,
FMCC US Equity,2021-06-30,2021,2,16329,15100,2819740,124868,
FMCC US Equity,2021-09-30,2021,3,16620,15019,2912673,94793,
FMCC US Equity,2021-12-31,2021,4,17413,15283,2997553,81353,
FMCC US Equity,2022-03-31,2022,1,19482,18387,3077143,80143,
FMCC US Equity,2022-06-30,2022,2,20653,18326,3111483,91753,
FMCC US Equity,2022-09-30,2022,3,22521,,3155426,103334,
FMCC US Equity,2022-12-31,2022,4,24061,21444,3171315,93655,
FMCC US Equity,2023-03-31,2023,1,25313,,3185913,113909,
FMCC US Equity,2023-06-30,2023,2,26571,,3208999,117900,
FMCC US Equity,2023-09-30,2023,3,27740,,3226980,120515,
FMCC US Equity,2023-12-31,2023,4,28426,26703,3233254,101167,
FMCC US Equity,2024-03-31,2024,1,29383,,3236910,105788,
FMCC US Equity,2024-06-30,2024,2,30124,,3254029,102712,
FMCC US Equity,2024-09-30,2024,3,30648,,3286193,107967,
FMCC US Equity,2024-12-31,2024,4,31897,29586,3327117,105652,
FNMA US Equity,2020-03-31,2020,1,29300,,3587411,88238,
FNMA US Equity,2020-06-30,2020,2,26512,,3744199,79960,
FNMA US Equity,2020-09-30,2020,3,26472,,3843910,50172,
FNMA US Equity,2020-12-31,2020,4,24341,,3960490,66537,
FNMA US Equity,2021-03-31,2021,1,24478,,4039878,81475,
FNMA US Equity,2021-06-30,2021,2,25410,,4120693,92767,
FNMA US Equity,2021-09-30,2021,3,25318,,4167036,94987,
FNMA US Equity,2021-12-31,2021,4,26337,,4181809,63191,
FNMA US Equity,2022-03-31,2022,1,27801,,4233271,54237,
FNMA US Equity,2022-06-30,2022,2,30016,,4232560,57030,
FNMA US Equity,2022-09-30,2022,3,31075,,4230613,59590,
FNMA US Equity,2022-12-31,2022,4,32704,,4245011,72552,
FNMA US Equity,2023-03-31,2023,1,33770,,4253411,87280,
FNMA US Equity,2023-06-30,2023,2,34839,,4254666,85279,
FNMA US Equity,2023-09-30,2023,3,36294,,4255655,71454,
FNMA US Equity,2023-12-31,2023,4,36337,,4247755,66517,
FNMA US Equity,2024-03-31,2024,1,37372,,4241813,86249,
FNMA US Equity,2024-06-30,2024,2,37728,,4237410,69561,
FNMA US Equity,2024-09-30,2024,3,38142,,4244026,56211,
FNMA US Equity,2024-12-31,2024,4,39428,,4255074,54828,
GE US Equity,2020-03-31,2020,1,19490,1397,225162,89585,
GE US Equity,2020-06-30,2020,2,16805,-1254,221233,88548,
GE US Equity,2020-09-30,2020,3,18529,1190,219522,86043,
GE US Equity,2020-12-31,2020,4,21033,1729,219138,43849,421
GE US Equity,2021-03-31,2021,1,17071,1249,210011,38524,500
GE US Equity,2021-06-30,2021,2,18253,1423,202512,28594,488
GE US Equity,2021-09-30,2021,3,18569,1847,198172,30255,462
GE US Equity,2021-12-31,2021,4,20303,2169,157262,28067,
GE US Equity,2022-03-31,2022,1,12675,379,151678,23621,387
GE US Equity,2022-06-30,2022,2,14127,1045,149596,19935,368
GE US Equity,2022-09-30,2022,3,14470,351,148124,18893,374
GE US Equity,2022-12-31,2022,4,21786,1545,150206,24871,416
GE US Equity,2023-03-31,2023,1,7800,1307,131649,24815,200
GE US Equity,2023-06-30,2023,2,8755,1524,130638,23651,249
GE US Equity,2023-09-30,2023,3,9302,1497,126830,20181,270
GE US Equity,2023-12-31,2023,4,9456,891,144695,20910,262
GE US Equity,2024-03-31,2024,1,8955,1429,132838,22184,263
GE US Equity,2024-06-30,2024,2,9094,1603,104347,15445,248
GE US Equity,2024-09-30,2024,3,9842,1229,107595,15956,251
GE US Equity,2024-12-31,2024,4,10812,2302,103576,14601,224
GLE FP Equity,2020-03-31,2020,1,5170,,1440188,195635,
GLE FP Equity,2020-06-30,2020,2,5296,,1387693,332480,
GLE FP Equity,2020-09-30,2020,3,5809,,1406627,217334,
GLE FP Equity,2020-12-31,2020,4,5838,,1394973,351259,
GLE FP Equity,2021-03-31,2021,1,6245,,1434671,240825,
GLE FP Equity,2021-06-30,2021,2,6261,,1423972,243088,
GLE FP Equity,2021-09-30,2021,3,6672,,1457066,242675,
GLE FP Equity,2021-12-31,2021,4,6620,,1393586,324037,
GLE FP Equity,2022-03-31,2022,1,7043,,1537585,304576,
GLE FP Equity,2022-06-30,2022,2,6901,,1468514,407751,
GLE FP Equity,2022-09-30,2022,3,6600,,1521468,278570,
GLE FP Equity,2022-12-31,2022,4,6611,,1411574,408928,
GLE FP Equity,2023-03-31,2023,1,6671,,1478254,302168,
GLE FP Equity,2023-06-30,2023,2,6287,,1500446,470223,
GLE FP Equity,2023-09-30,2023,3,6189,,1521190,321408,
GLE FP Equity,2023-12-31,2023,4,5957,,1477798,481771,
GLE FP Equity,2024-03-31,2024,1,6645,,1512778,300707,
GLE FP Equity,2024-06-30,2024,2,6685,,1515732,454048,
GLE FP Equity,2024-09-30,2024,3,6838,,1502347,286293,
GLE FP Equity,2024-12-31,2024,4,6621,,1493957,442144,
GOOGL US Equity,2020-03-31,2020,1,41159,11608,69744,117229,-565
GOOGL US Equity,2020-06-30,2020,2,38297,10313,71170,121080,-420
GOOGL US Equity,2020-09-30,2020,3,46173,15273,86323,132596,-412
GOOGL US Equity,2020-12-31,2020,4,56898,19994,97072,136694,-333
GOOGL US Equity,2021-03-31,2021,1,55314,19984,97082,135104,-269
GOOGL US Equity,2021-06-30,2021,2,61880,22306,97822,135863,-313
GOOGL US Equity,2021-09-30,2021,3,65118,25235,102836,142003,-310
GOOGL US Equity,2021-12-31,2021,4,75325,26249,107633,139649,-261
GOOGL US Equity,2022-03-31,2022,1,68011,24756,103092,133970,-331
GOOGL US Equity,2022-06-30,2022,2,69685,24072,99766,124997,-403
GOOGL US Equity,2022-09-30,2022,3,69092,22281,104629,116259,-514
GOOGL US Equity,2022-12-31,2022,4,76048,23399,109120,113762,-569
GOOGL US Equity,2023-03-31,2023,1,69787,21701,108597,115102,-717
GOOGL US Equity,2023-06-30,2023,2,74604,25835,115903,118332,-849
GOOGL US Equity,2023-09-30,2023,3,76693,31843,123509,119935,-950
GOOGL US Equity,2023-12-31,2023,4,86310,29357,119013,110916,-1041
GOOGL US Equity,2024-03-31,2024,1,80539,29985,114506,108090,-967
GOOGL US Equity,2024-06-30,2024,2,84742,32333,114017,100725,-1023
GOOGL US Equity,2024-09-30,2024,3,88268,33706,116147,93230,-1189
GOOGL US Equity,2024-12-31,2024,4,96469,36406,125172,95657,-1035
GS US Equity,2020-03-31,2020,1,12180,5335,997377,359492,
GS US Equity,2020-06-30,2020,2,15385,3990,1051494,406225,
GS US Equity,2020-09-30,2020,3,12629,6731,1039409,381869,
GS US Equity,2020-12-31,2020,4,13304,7721,1067096,406062,
GS US Equity,2021-03-31,2021,1,19276,10527,1203884,515484,
GS US Equity,2021-06-30,2021,2,16698,8780,1286032,590666,
GS US Equity,2021-09-30,2021,3,15161,9022,1336933,611563,
GS US Equity,2021-12-31,2021,4,13854,6843,1354062,645510,
GS US Equity,2022-03-31,2022,1,14318,6653,1474202,727580,
GS US Equity,2022-06-30,2022,2,14981,7231,1483353,736290,
GS US Equity,2022-09-30,2022,3,18482,11040,1436704,663721,
GS US Equity,2022-12-31,2022,4,20930,12708,1324610,655983,
GS US Equity,2023-03-31,2023,1,25381,18239,1420840,634655,
GS US Equity,2023-06-30,2023,2,26047,18601,1454893,659234,
GS US Equity,2023-09-30,2023,3,28527,21102,1459876,627499,
GS US Equity,2023-12-31,2023,4,28463,20301,1524689,664802,
GS US Equity,2024-03-31,2024,1,32160,23934,1579894,656216,
GS US Equity,2024-06-30,2024,2,30929,22879,1533850,609573,
GS US Equity,2024-09-30,2024,3,31524,23552,1606880,571628,
GS US Equity,2024-12-31,2024,4,31478,23476,1553976,556799,
HNGZ CH Equity,2021-12-31,2021,4,386724.2082,75047.1535,974656.8311,122796.8777,22901.2104
HNGZ CH Equity,2022-12-31,2022,4,424548.1597,88760.3294,1003427.634,126077.4812,23437.3502
HNGZ CH Equity,2023-12-31,2023,4,409822.9352,108625.9371,1093899.157,128771.6224,20587.4492
HNGZ CH Equity,2024-12-31,2024,4,401203.3005,118979.7299,1173949.249,151301.539,19415.0695
HON US Equity,2020-03-31,2020,1,8463,1934,39550,8791,29
HON US Equity,2020-06-30,2020,2,7477,1268,45231,15127,68
HON US Equity,2020-09-30,2020,3,7797,1566,45139,15008,81
HON US Equity,2020-12-31,2020,4,8900,1930,46789,15220,95
HON US Equity,2021-03-31,2021,1,8454,1850,45302,12660,90
HON US Equity,2021-06-30,2021,2,8808,1882,45736,12318,60
HON US Equity,2021-09-30,2021,3,8473,1883,46070,12136,62
HON US Equity,2021-12-31,2021,4,8657,1808,45221,11523,48
HON US Equity,2022-03-31,2022,1,8376,1601,44294,9774,65
HON US Equity,2022-06-30,2022,2,8953,1876,44061,8659,67
HON US Equity,2022-09-30,2022,3,8951,2042,41950,7965,61
HON US Equity,2022-12-31,2022,4,9186,2112,44949,10110,83
HON US Equity,2023-03-31,2023,1,8864,1975,42361,7240,94
HON US Equity,2023-06-30,2023,2,9146,2167,44436,8769,111
HON US Equity,2023-09-30,2023,3,9212,2234,43514,7934,117
HON US Equity,2023-12-31,2023,4,9440,1884,45084,8095,122
HON US Equity,2024-03-31,2024,1,9105,2151,48593,12005,115
HON US Equity,2024-06-30,2024,2,9577,2287,51812,9807,140
HON US Equity,2024-09-30,2024,3,9728,2215,55511,10919,187
HON US Equity,2024-12-31,2024,4,10088,2122,56035,10953,190
HSBA LN Equity,2020-03-31,2020,1,13686,,2719539,494707,
HSBA LN Equity,2020-06-30,2020,2,13059,,2727577,559322,
HSBA LN Equity,2020-09-30,2020,3,11927,,2755674,590541,
HSBA LN Equity,2020-12-31,2020,4,11757,,2779169,620819,
HSBA LN Equity,2021-03-31,2021,1,12986,,2750913,663743,
HSBA LN Equity,2021-06-30,2021,2,12565,,2769241,691565,
HSBA LN Equity,2021-09-30,2021,3,12012,,2762102,723311,
HSBA LN Equity,2021-12-31,2021,4,11989,,2751162,731938,
HSBA LN Equity,2022-03-31,2022,1,12300,,2816854,729891,
HSBA LN Equity,2022-06-30,2022,2,13925,,2788730,712561,
HSBA LN Equity,2022-09-30,2022,3,11501,,2799000,694232,
HSBA LN Equity,2022-12-31,2022,4,18111,,2764089,692528,
HSBA LN Equity,2023-03-31,2023,1,20173,,2792173,705540,
HSBA LN Equity,2023-06-30,2023,2,16705,,2849825,677359,
HSBA LN Equity,2023-09-30,2023,3,16160,,2830771,661672,
HSBA LN Equity,2023-12-31,2023,4,15136,,2846067,657329,
HSBA LN Equity,2024-03-31,2024,1,37593,,2802140,654661,
HSBA LN Equity,2024-06-30,2024,2,16540,,2784589,619335,
HSBA LN Equity,2024-09-30,2024,3,16998,,2898596,640724,
HSBA LN Equity,2024-12-31,2024,4,15388,,2824775,622262,
HSBCZ HK Equity,2020-12-31,2020,4,313812,,8504872,751883,
HSBCZ HK Equity,2021-12-31,2021,4,290548,,8979882,709104,
HSBCZ HK Equity,2022-12-31,2022,4,265537,,9333463,748587,
HSBCZ HK Equity,2023-12-31,2023,4,427093,,9627807,796788,
HSBCZ HK Equity,2024-12-31,2024,4,477628,,10070932,691787,
ICBZ KS Equity,2020-12-31,2020,4,391908.5433,,19435031.97,2001286.718,
ICBZ KS Equity,2021-12-31,2021,4,431938.6312,,18930137.92,908976.645,
ICBZ KS Equity,2022-12-31,2022,4,599750.2981,,23869667.49,3713096.964,
ICBZ KS Equity,2023-12-31,2023,4,1038475.979,,29001965.81,2752089.371,
ICBZ KS Equity,2024-12-31,2024,4,1219054.695,,30994573.27,6158793.355,
JNJ US Equity,2020-03-31,2020,1,20691,7593,93723,18024,-42
JNJ US Equity,2020-06-30,2020,2,18336,5777,95402,19135,26
JNJ US Equity,2020-09-30,2020,3,21082,7519,106220,30781,32
JNJ US Equity,2021-03-31,2021,1,22475,6075,111616,25185,74
JNJ US Equity,2021-06-30,2021,2,22321,8542,106723,24619,48
JNJ US Equity,2021-09-30,2021,3,23312,8097,106860,25306,28
JNJ US Equity,2021-12-31,2021,4,23338,7580,108956,31001,7
JNJ US Equity,2022-03-31,2022,1,24804,6818,107995,31608,47
JNJ US Equity,2022-06-30,2022,2,19840,6814,103646,30388,-12
JNJ US Equity,2022-09-30,2022,3,20215,6932,101367,32568,-26
JNJ US Equity,2022-12-31,2022,4,19996,7049,100525,34079,-99
JNJ US Equity,2023-03-31,2023,1,19939,6405,110574,22281,100
JNJ US Equity,2023-06-30,2023,2,20894,7677,125100,24613,14
JNJ US Equity,2023-09-30,2023,3,21519,7892,115277,28505,-109
JNJ US Equity,2023-12-31,2023,4,21351,7521,94833,23511,-182
JNJ US Equity,2023-12-31,2023,4,21395,6092,98784,22927,-61
JNJ US Equity,2024-03-31,2024,1,21383,7888,101946,26218,-209
JNJ US Equity,2024-06-30,2024,2,22447,8045,109550,25475,-125
JNJ US Equity,2024-09-30,2024,3,22471,6924,108129,20297,-99
JNJ US Equity,2024-12-31,2024,4,22520,5520,108614,24522,-7
JPM US Equity,2020-03-31,2020,1,33008,,2878169,755953,
JPM US Equity,2020-06-30,2020,2,35334,,2948649,893413,
JPM US Equity,2020-09-30,2020,3,30942,,2974963,949812,
JPM US Equity,2020-12-31,2020,4,30627,,3105403,984528,
JPM US Equity,2021-03-31,2021,1,33648,,3408622,1163069,
JPM US Equity,2021-06-30,2021,2,31832,,3397870,1152784,
JPM US Equity,2021-09-30,2021,3,31047,,3467535,1245017,
JPM US Equity,2021-12-31,2021,4,30675,,3449440,1208603,
JPM US Equity,2022-03-31,2022,1,32341,,3668788,1281259,
JPM US Equity,2022-06-30,2022,2,34233,,3555171,1193809,
JPM US Equity,2022-09-30,2022,3,40809,,3485866,1139281,
JPM US Equity,2022-12-31,2022,4,47409,,3373411,1068195,
JPM US Equity,2023-03-31,2023,1,54642,,3441223,1059028,
JPM US Equity,2023-06-30,2023,2,61172,,3555724,984314,
JPM US Equity,2023-09-30,2023,3,61704,,3580962,1049707,
JPM US Equity,2023-12-31,2023,4,61907,,3547515,1100739,
JPM US Equity,2024-03-31,2024,1,66290,,3754090,1091011,
JPM US Equity,2024-06-30,2024,2,75967,,3802451,1122644,
JPM US Equity,2024-09-30,2024,3,69665,,3864212,1077515,
JPM US Equity,2024-12-31,2024,4,66984,,3658056,983864,
JYINVZ CH Equity,2020-12-31,2020,4,17038.3571,7890.3191,90881.202,16494.5341,
JYINVZ CH Equity,2021-12-31,2021,4,19581.5993,9202.4497,88208.5783,12083.9529,
JYINVZ CH Equity,2022-12-31,2022,4,13104.8862,5611.232,80558.2286,12518.4083,
JYINVZ CH Equity,2023-12-31,2023,4,13798.5997,6005.1784,81129.4803,13716.513,
JYINVZ CH Equity,2024-12-31,2024,4,9455.0375,5042.8761,76407.0093,9233.4068,
KDBZ KS Equity,2020-12-31,2020,4,6644568,,264006955,7416472,
KDBZ KS Equity,2021-12-31,2021,4,7899090,,287740059,5400761,
KDBZ KS Equity,2022-12-31,2022,4,8856395,,315779999,7380494,
KDBZ KS Equity,2023-12-31,2023,4,14397120,,308106934,5517681,
KDBZ KS Equity,2024-12-31,2024,4,15624848,,328571409,9722627,
KMCACZ CH Equity,2020-12-31,2020,4,882841.724,102447.895,546410.539,356884.568,690.714
KMCACZ CH Equity,2021-12-31,2021,4,636807,150977,568319,416578,4555
KMCACZ CH Equity,2022-12-31,2022,4,636815.671,71674.768,626728.162,372775.662,5254.871
KMCACZ CH Equity,2023-12-31,2023,4,697547.449,132370.868,756028.803,450995.294,5652.923
KMCACZ CH Equity,2024-12-31,2024,4,849834.796,105119.014,745529.843,367692.834,4986.793
KO US Equity,2020-03-31,2020,1,8601,2747,74179,17666,81
KO US Equity,2020-06-30,2020,2,7150,2362,75500,19816,174
KO US Equity,2020-09-30,2020,3,8652,2656,76868,21128,578
KO US Equity,2020-12-31,2020,4,8611,2768,66012,10914,234
KO US Equity,2021-06-30,2021,2,9020,3088,67661,12589,376
KO US Equity,2021-09-30,2021,3,10129,3399,65939,13042,709
KO US Equity,2021-12-31,2021,4,10042,3260,66473,14869,142
KO US Equity,2021-12-31,2021,4,9464,2013,69494,12625,94
KO US Equity,2022-06-30,2022,2,10491,3729,67223,10356,104
KO US Equity,2022-09-30,2022,3,11325,2663,68366,11619,98
KO US Equity,2022-09-30,2022,3,11063,3395,68035,13220,70
KO US Equity,2022-12-31,2022,4,10125,2382,66937,11631,161
KO US Equity,2023-03-31,2023,1,10980,3653,70536,14295,204
KO US Equity,2023-06-30,2023,2,11972,2682,70904,15694,150
KO US Equity,2023-09-30,2023,3,11953,3560,69745,15435,120
KO US Equity,2023-12-31,2023,4,10849,2544,70223,13663,146
KO US Equity,2024-03-31,2024,1,11300,2403,71446,16919,136
KO US Equity,2024-06-30,2024,2,12363,2901,73791,18993,143
KO US Equity,2024-09-30,2024,3,11854,2778,78112,18164,162
KO US Equity,2024-12-31,2024,4,11544,2985,74177,14571,227
MCD US Equity,2020-03-31,2020,1,4714.4,2114.9,59861.4,5379.8,274.6
MCD US Equity,2020-06-30,2020,2,3761.5,1386.8,59402,3255.7,314.1
MCD US Equity,2020-09-30,2020,3,5418.1,2966.5,59171.4,3683.8,306.7
MCD US Equity,2020-12-31,2020,4,5313.8,2607.2,60451.7,3449.1,305
MCD US Equity,2021-03-31,2021,1,5124.6,2735.2,58338.6,3019.7,298.2
MCD US Equity,2021-06-30,2021,2,5887.9,3154.5,57701.1,3049.4,294.1
MCD US Equity,2021-09-30,2021,3,6201.3,3455.7,58402,4305.8,291.4
MCD US Equity,2021-12-31,2021,4,6009.1,2878.7,58455.3,4709.2,293.9
MCD US Equity,2022-03-31,2022,1,5665.6,2792.3,56868.5,2335.7,284.7
MCD US Equity,2022-06-30,2022,2,5718.4,2174,55617.6,1872.5,286
MCD US Equity,2022-09-30,2022,3,5872.1,3229.5,55067.8,2828.3,295.4
MCD US Equity,2022-12-31,2022,4,5926.5,3045.8,56439,2583.8,296.9
MCD US Equity,2023-03-31,2023,1,5897.8,3022.9,57790.5,3708.1,291.8
MCD US Equity,2023-06-30,2023,2,6497.5,3596.3,55441.1,1625.6,293.3
MCD US Equity,2023-09-30,2023,3,6692.2,3706.3,56944.1,3496.3,293.4
MCD US Equity,2023-12-31,2023,4,6406.2,3299.4,60853.5,4579.3,295.8
MCD US Equity,2024-03-31,2024,1,6169,3246,58346,838,325
MCD US Equity,2024-06-30,2024,2,6490,3422,58625,792,353
MCD US Equity,2024-09-30,2024,3,6873,3720,61349,1221,363
MCD US Equity,2024-12-31,2024,4,6388,3421,58979,1085,362
MET US Equity,2020-03-31,2020,1,18310,,667278,24094,
MET US Equity,2020-06-30,2020,2,14099,,691643,24289,
MET US Equity,2020-09-30,2020,3,16015,,706923,24405,
MET US Equity,2020-12-31,2020,4,19418,,720329,19795,
MET US Equity,2021-03-31,2021,1,15562,,703677,19635,
MET US Equity,2021-06-30,2021,2,18524,,703830,25037,
MET US Equity,2021-09-30,2021,3,16905,,692331,18956,
MET US Equity,2021-12-31,2021,4,20089,,691959,20047,
MET US Equity,2022-03-31,2022,1,15405,,670047,23488,
MET US Equity,2022-06-30,2022,2,15556,,625526,20548,
MET US Equity,2022-09-30,2022,3,22283,,624774,22200,
MET US Equity,2022-12-31,2022,4,15608,,632947,20195,
MET US Equity,2023-03-31,2023,1,15388,,641843,18456,
MET US Equity,2023-06-30,2023,2,16623,,646787,15417,
MET US Equity,2023-09-30,2023,3,15866,,626225,14912,
MET US Equity,2023-12-31,2023,4,19028,,657331,20639,
MET US Equity,2024-03-31,2024,1,16057,,648780,19840,
MET US Equity,2024-06-30,2024,2,17823,,648205,20786,
MET US Equity,2024-09-30,2024,3,18440,,673812,21765,
MET US Equity,2024-12-31,2024,4,18666,,649754,20068,
META US Equity,2020-03-31,2020,1,17737,7830,33067,60289,-228
META US Equity,2020-06-30,2020,2,18687,8011,29244,58240,-162
META US Equity,2020-09-30,2020,3,21470,10090,28706,55620,-146
META US Equity,2020-12-31,2020,4,28072,14993,31026,61954,-136
META US Equity,2021-03-31,2021,1,26171,13712,29866,64219,-118
META US Equity,2021-06-30,2021,2,29077,14723,32382,64080,-121
META US Equity,2021-09-30,2021,3,29010,12804,36225,58075,-120
META US Equity,2021-12-31,2021,4,33671,15020,41108,47998,-102
META US Equity,2022-03-31,2022,1,27908,11091,40990,43890,-76
META US Equity,2022-06-30,2022,2,28822,10772,44012,40489,-91
META US Equity,2022-09-30,2022,3,27714,8319,54800,41776,-77
META US Equity,2022-12-31,2022,4,32165,9306,60014,40738,-32
META US Equity,2023-03-31,2023,1,28645,10308,59696,37439,-138
META US Equity,2023-06-30,2023,2,31999,12531,72655,53446,-207
META US Equity,2023-09-30,2023,3,34146,17093,73401,61123,-395
META US Equity,2023-12-31,2023,4,40111,20087,76455,65403,-452
META US Equity,2024-03-31,2024,1,36455,17726,73315,58120,-458
META US Equity,2024-06-30,2024,2,39071,19073,73475,58080,-412
META US Equity,2024-09-30,2024,3,40589,21986,91879,70900,-453
META US Equity,2024-12-31,2024,4,48385,28451,93417,77815,-480
MS US Equity,2020-03-31,2020,1,11926,5117,860567,308609,
MS US Equity,2020-06-30,2020,2,14418,5799,887354,309722,
MS US Equity,2020-09-30,2020,3,12291,4910,866122,283858,
MS US Equity,2020-12-31,2020,4,13971,6210,1012713,334279,
MS US Equity,2021-03-31,2021,1,16128,6640,1051184,334988,
MS US Equity,2021-06-30,2021,2,15106,5970,1053643,349113,
MS US Equity,2021-09-30,2021,3,15041,6197,1083357,369506,
MS US Equity,2021-12-31,2021,4,14846,6443,1081542,377437,
MS US Equity,2022-03-31,2022,1,15235,5964,1118158,414848,
MS US Equity,2022-06-30,2022,2,14462,5570,1071114,390529,
MS US Equity,2022-09-30,2022,3,16577,7907,1057940,359298,
MS US Equity,2022-12-31,2022,4,19662,10914,1079000,375408,
MS US Equity,2023-03-31,2023,1,23041,13224,1097950,379359,
MS US Equity,2023-06-30,2023,2,23495,13772,1063550,342034,
MS US Equity,2023-09-30,2023,3,24601,15461,1068855,330886,
MS US Equity,2023-12-31,2023,4,25057,15663,1093711,321063,
MS US Equity,2024-03-31,2024,1,26270,16504,1128363,357890,
MS US Equity,2024-06-30,2024,2,26481,16807,1110841,331779,
MS US Equity,2024-09-30,2024,3,27372,17480,1153356,360848,
MS US Equity,2024-12-31,2024,4,27162,17490,1109643,347810,
MSFT US Equity,2020-03-31,2020,1,35021,16615,170948,137626,
MSFT US Equity,2020-06-30,2020,2,38033,17489,183007,136527,686
MSFT US Equity,2020-09-30,2020,3,37154,19019,177609,137977,
MSFT US Equity,2020-12-31,2020,4,43076,21161,173901,131968,
MSFT US Equity,2021-03-31,2021,1,41706,20537,174374,125407,
MSFT US Equity,2021-06-30,2021,2,46152,23012,191791,130334,553
MSFT US Equity,2021-09-30,2021,3,45317,24038,183440,130615,
MSFT US Equity,2021-12-31,2021,4,51728,26212,180379,125369,
MSFT US Equity,2022-03-31,2022,1,49360,24881,181683,104693,
MSFT US Equity,2022-06-30,2022,2,51865,25173,198298,104757,496
MSFT US Equity,2022-09-30,2022,3,50122,24970,186218,107262,
MSFT US Equity,2022-12-31,2022,4,52747,24731,181416,99508,
MSFT US Equity,2023-03-31,2023,1,52857,26667,185405,104427,
MSFT US Equity,2023-06-30,2023,2,56189,28891,205753,111262,
MSFT US Equity,2023-09-30,2023,3,56517,31591,225071,143951,
MSFT US Equity,2023-12-31,2023,4,62020,33808,232290,81017,
MSFT US Equity,2024-03-31,2024,1,61858,34490,231123,80021,
MSFT US Equity,2024-06-30,2024,2,64727,35387,243686,75543,
MSFT US Equity,2024-09-30,2024,3,65585,39096,235290,78428,
MSFT US Equity,2024-12-31,2024,4,69632,39773,231203,71555,
NAB AU Equity,2020-03-31,2020,1,14221,,869250,119222,
NAB AU Equity,2020-09-30,2020,3,12284,,805272,116739,
NAB AU Equity,2021-03-31,2021,1,10609,,809996,133720,
NAB AU Equity,2021-09-30,2021,3,10346,,863189,158378,
NAB AU Equity,2022-03-31,2022,1,10989,,914847,177951,
NAB AU Equity,2022-09-30,2022,3,15119,,996094,198312,
NAB AU Equity,2023-03-31,2023,1,23605,,986873,195958,
NAB AU Equity,2023-09-30,2023,3,28308,,997580,142005,
NAB AU Equity,2024-03-31,2024,1,30460,,1009295,130461,
NAB AU Equity,2024-09-30,2024,3,31726,,1018035,112937,
NVDA US Equity,2020-03-31,2020,1,3105,1127,5111,10897,-29
NVDA US Equity,2020-06-30,2020,2,3080,1114,10155,16354,-6
NVDA US Equity,2020-09-30,2020,3,3866,1090,11266,10981,41
NVDA US Equity,2020-12-31,2020,4,4726,1734,11547,10139,46
NVDA US Equity,2021-03-31,2021,1,5003,1835,11898,11561,47
NVDA US Equity,2021-06-30,2021,2,5661,2276,12022,12667,47
NVDA US Equity,2021-09-30,2021,3,6507,2772,17503,19654,54
NVDA US Equity,2021-12-31,2021,4,7103,3013,16834,19298,55
NVDA US Equity,2022-03-31,2022,1,7643,3322,17575,21208,52
NVDA US Equity,2022-06-30,2022,2,8288,2246,18892,20338,50
NVDA US Equity,2022-09-30,2022,3,6704,924,19625,17037,19
NVDA US Equity,2022-12-31,2022,4,5931,1056,19139,13143,-23
NVDA US Equity,2023-03-31,2023,1,6051,1737,19081,13296,-50
NVDA US Equity,2023-06-30,2023,2,7192,2583,19940,15320,-84
NVDA US Equity,2023-09-30,2023,3,13507,7232,22054,16023,-122
NVDA US Equity,2023-12-31,2023,4,18120,10858,20883,18281,-171
NVDA US Equity,2024-03-31,2024,1,22103,14076,22750,25984,-231
NVDA US Equity,2024-06-30,2024,2,26044,17399,27930,31438,-295
NVDA US Equity,2024-09-30,2024,3,30040,19159,27070,34800,-383
NVDA US Equity,2024-12-31,2024,4,35082,22439,30114,38487,-411
PEP US Equity,2020-03-31,2020,1,13881,2457,71503,11247,290
PEP US Equity,2020-06-30,2020,2,15945,2908,76938,9123,235
PEP US Equity,2020-09-30,2020,3,18091,3620,78446,9705,264
PEP US Equity,2020-12-31,2020,4,22455,3643,79366,9551,339
PEP US Equity,2021-03-31,2021,1,14820,2872,77171,6625,258
PEP US Equity,2021-06-30,2021,2,19217,3782,76987,5777,241
PEP US Equity,2021-09-30,2021,3,20189,3809,77264,6850,232
PEP US Equity,2021-12-31,2021,4,25248,3409,76226,5988,1132
PEP US Equity,2022-03-31,2022,1,16200,5822,74642,6904,240
PEP US Equity,2022-06-30,2022,2,20225,2717,74429,5692,236
PEP US Equity,2022-09-30,2022,3,21971,4012,75326,6742,190
PEP US Equity,2022-12-31,2022,4,27996,1724,74914,5348,273
PEP US Equity,2023-03-31,2023,1,17846,3219,75867,5204,200
PEP US Equity,2023-06-30,2023,2,22322,4337,78081,6454,201
PEP US Equity,2023-09-30,2023,3,23453,4720,80983,10283,201
PEP US Equity,2023-12-31,2023,4,27850,2658,81858,10003,217
PEP US Equity,2024-03-31,2024,1,18250,3358,80850,8350,202
PEP US Equity,2024-06-30,2024,2,22501,5427,79953,6668,234
PEP US Equity,2024-09-30,2024,3,23319,4611,80908,8051,219
PEP US Equity,2024-12-31,2024,4,27784,3292,81296,9266,264
PETR4 BZ Equity,2020-03-31,2020,1,75469,-28243,736720,83945,6062
PETR4 BZ Equity,2020-06-30,2020,2,50898,25084,769421,109757,6231
PETR4 BZ Equity,2020-09-30,2020,3,70730,34419,715069,75636,7069
PETR4 BZ Equity,2020-12-31,2020,4,74972,79938,676269,64507,5951
PETR4 BZ Equity,2021-03-31,2021,1,86174,48515,678038,71685,5726
PETR4 BZ Equity,2021-06-30,2021,2,110710,61804,579057,52384,6379
PETR4 BZ Equity,2021-09-30,2021,3,121594,81199,599000,62560,5078
PETR4 BZ Equity,2021-12-31,2021,4,134190,73934,583370,62287,4862
PETR4 BZ Equity,2022-03-31,2022,1,141641,80186,561601,87825,4310
PETR4 BZ Equity,2022-06-30,2022,2,170960,113484,591902,100525,5040
PETR4 BZ Equity,2022-09-30,2022,3,170076,91584,573469,36952,4736
PETR4 BZ Equity,2022-12-31,2022,4,158579,75912,612324,64352,5023
PETR4 BZ Equity,2023-03-31,2023,1,139068,75202,575172,80329,2942
PETR4 BZ Equity,2023-06-30,2023,2,113840,58159,618178,76369,2409
PETR4 BZ Equity,2023-09-30,2023,3,124828,65713,638006,86747,3436
PETR4 BZ Equity,2023-12-31,2023,4,134258,57952,668548,86924,3150
PETR4 BZ Equity,2024-03-31,2024,1,117721,61132,657370,91155,3312
PETR4 BZ Equity,2024-06-30,2024,2,122258,50900,682648,75146,3629
PETR4 BZ Equity,2024-09-30,2024,3,129582,63131,682796,81340,4082
PETR4 BZ Equity,2024-12-31,2024,4,121268,32538,757283,50256,4700
PFE US Equity,2020-03-31,2020,1,10083,4199,100998,10350,356
PFE US Equity,2020-06-30,2020,2,9864,3271,113370,11382,348
PFE US Equity,2020-09-30,2020,3,10277,3814,113488,10499,330
PFE US Equity,2020-12-31,2020,4,11634,1702,90756,12223,343
PFE US Equity,2021-06-30,2021,2,14516,5896,89953,13667,336
PFE US Equity,2021-09-30,2021,3,18899,6914,99605,21700,303
PFE US Equity,2021-12-31,2021,4,24035,7488,103221,29696,315
PFE US Equity,2021-12-31,2021,4,23838,4268,104014,31069,301
PFE US Equity,2022-06-30,2022,2,25661,10588,101155,23897,308
PFE US Equity,2022-09-30,2022,3,27742,13394,107821,33304,263
PFE US Equity,2022-12-31,2022,4,22638,10126,102459,36123,241
PFE US Equity,2022-12-31,2022,4,24290,5904,101288,22732,176
PFE US Equity,2023-06-30,2023,2,18486,8032,94381,19972,141
PFE US Equity,2023-09-30,2023,3,13007,3767,120875,44785,192
PFE US Equity,2023-12-31,2023,4,13232,-1871,117817,44181,173
PFE US Equity,2023-12-31,2023,4,14570,-2618,137213,12690,80
PFE US Equity,2024-03-31,2024,1,14879,5837,128537,11928,661
PFE US Equity,2024-06-30,2024,2,13283,2734,128218,7100,648
PFE US Equity,2024-09-30,2024,3,17702,6714,126918,9952,668
PFE US Equity,2024-12-31,2024,4,17763,4139,124899,20477,569
PG US Equity,2020-03-31,2020,1,17214,4334,72619,15393,61
PG US Equity,2020-06-30,2020,2,17698,4387,73822,16181,135
PG US Equity,2020-09-30,2020,3,19318,5952,71323,13392,126
PG US Equity,2020-12-31,2020,4,19745,6051,71572,11941,134
PG US Equity,2021-03-31,2021,1,18109,4468,69859,10007,95
PG US Equity,2021-06-30,2021,2,18946,4250,72653,10288,102
PG US Equity,2021-09-30,2021,3,20338,5734,73261,10370,98
PG US Equity,2021-12-31,2021,4,20953,5852,76523,11544,96
PG US Equity,2022-03-31,2022,1,19381,4714,74471,8526,100
PG US Equity,2022-06-30,2022,2,19515,4320,70354,7214,94
PG US Equity,2022-09-30,2022,3,20612,5602,71948,6710,81
PG US Equity,2022-12-31,2022,4,20773,5438,72990,6854,105
PG US Equity,2023-03-31,2023,1,20068,4940,74430,7596,139
PG US Equity,2023-06-30,2023,2,20553,4868,73764,8246,124
PG US Equity,2023-09-30,2023,3,21871,6469,74517,9733,97
PG US Equity,2023-12-31,2023,4,21441,5154,71880,7890,115
PG US Equity,2024-03-31,2024,1,20195,5172,69264,6828,129
PG US Equity,2024-06-30,2024,2,20532,4645,71811,9482,113
PG US Equity,2024-09-30,2024,3,21737,6525,74341,12156,103
PG US Equity,2024-12-31,2024,4,21882,6447,71196,10230,121
PRU US Equity,2020-03-31,2020,1,13464,,812640,31646,
PRU US Equity,2020-06-30,2020,2,12115,,848879,21149,
PRU US Equity,2020-09-30,2020,3,15425,,844699,20658,
PRU US Equity,2020-12-31,2020,4,15076,,872512,13701,
PRU US Equity,2021-03-31,2021,1,16952,,848504,16099,
PRU US Equity,2021-06-30,2021,2,15917,,862777,15145,
PRU US Equity,2021-09-30,2021,3,21641,,870023,15605,
PRU US Equity,2021-12-31,2021,4,13744,,874974,12888,
PRU US Equity,2022-03-31,2022,1,11855,,833388,14086,
PRU US Equity,2022-06-30,2022,2,11392,,666681,14359,
PRU US Equity,2022-09-30,2022,3,20608,,660576,20104,
PRU US Equity,2022-12-31,2022,4,12206,,657110,17251,
PRU US Equity,2023-03-31,2023,1,17045,,676822,17425,
PRU US Equity,2023-06-30,2023,2,13498,,667849,14652,
PRU US Equity,2023-09-30,2023,3,8774,,654307,16892,
PRU US Equity,2023-12-31,2023,4,13020,,693102,19419,
PRU US Equity,2024-03-31,2024,1,23509,,696953,18735,
PRU US Equity,2024-06-30,2024,2,14883,,685636,17111,
PRU US Equity,2024-09-30,2024,3,19490,,728279,20198,
PRU US Equity,2024-12-31,2024,4,13009,,707400,18497,
RY CN Equity,2020-03-31,2020,1,17831,,1392243,389638,
RY CN Equity,2020-06-30,2020,2,14079,,1590642,472709,
RY CN Equity,2020-09-30,2020,3,15717,,1596760,468036,
RY CN Equity,2020-12-31,2020,4,13525,,1537781,470916,
RY CN Equity,2021-03-31,2021,1,15119,,1580902,494352,
RY CN Equity,2021-06-30,2021,2,13638,,1522494,485776,
RY CN Equity,2021-09-30,2021,3,15277,,1597230,515692,
RY CN Equity,2021-12-31,2021,4,14295,,1607561,501387,
RY CN Equity,2022-03-31,2022,1,15144,,1650461,506709,
RY CN Equity,2022-06-30,2022,2,13680,,1744167,501456,
RY CN Equity,2022-09-30,2022,3,16946,,1738094,505820,
RY CN Equity,2022-12-31,2022,4,21159,,1809044,498253,
RY CN Equity,2023-03-31,2023,1,26463,,1829221,508151,
RY CN Equity,2023-06-30,2023,2,26652,,1828948,516318,
RY CN Equity,2023-09-30,2023,3,29562,,1845305,515159,
RY CN Equity,2023-12-31,2023,4,30868,,1891384,473266,
RY CN Equity,2024-03-31,2024,1,32750,,1857917,483298,
RY CN Equity,2024-06-30,2024,2,33267,,1909446,401629,
RY CN Equity,2024-09-30,2024,3,34451,,1951615,438040,
RY CN Equity,2024-12-31,2024,4,33890,,2044390,473546,
SAN SM Equity,2020-03-31,2020,1,17795,,1434246,231310,
SAN SM Equity,2020-06-30,2020,2,14493,,1481022,245283,
SAN SM Equity,2020-09-30,2020,3,13901,,1422932,273314,
SAN SM Equity,2020-12-31,2020,4,13597,,1416928,239878,
SAN SM Equity,2021-03-31,2021,1,15363,,1470193,283435,
SAN SM Equity,2021-06-30,2021,2,14489,,1472891,275311,
SAN SM Equity,2021-09-30,2021,3,15037,,1482671,286442,
SAN SM Equity,2021-12-31,2021,4,16005,,1498782,298779,
SAN SM Equity,2022-03-31,2022,1,18684,,1566634,301533,
SAN SM Equity,2022-06-30,2022,2,20560,,1625378,321511,
SAN SM Equity,2022-09-30,2022,3,22683,,1716480,363912,
SAN SM Equity,2022-12-31,2022,4,24639,,1637074,324466,
SAN SM Equity,2023-03-31,2023,1,29157,,1649912,318084,
SAN SM Equity,2023-06-30,2023,2,29999,,1678449,323791,
SAN SM Equity,2023-09-30,2023,3,31696,,1713947,336900,
SAN SM Equity,2023-12-31,2023,4,30389,,1692821,342525,
SAN SM Equity,2024-03-31,2024,1,34228,,1694981,305189,
SAN SM Equity,2024-06-30,2024,2,31611,,1682613,289940,
SAN SM Equity,2024-09-30,2024,3,31272,,1697196,313371,
SAN SM Equity,2024-12-31,2024,4,37851,,1729754,323572,
SDBZ CH Equity,2020-12-31,2020,4,619338,,15622983,1168055,
SDBZ CH Equity,2021-12-31,2021,4,652800,,15629661,1153909,
SDBZ CH Equity,2022-12-31,2022,4,703751,,16637502,1103546,
SDBZ CH Equity,2023-12-31,2023,4,692374,,16974792,1263560,
SDBZ CH Equity,2024-12-31,2024,4,645746,,16844398,1268135,
SINZ CH Equity,2020-12-31,2020,4,2142332.422,130462.7744,1078106.583,229409.4368,1937.6272
SINZ CH Equity,2021-12-31,2021,4,2789498.706,232385.5534,1184445.011,299661.511,1699.8056
SINZ CH Equity,2022-12-31,2022,4,3366866,212165,1230288,263884,2860
SINZ CH Equity,2023-12-31,2023,4,3245388,234218,1388476,258344,3658
SINZ CH Equity,2024-12-31,2024,4,3138768,217779,1428542,261086,5455
SLB US Equity,2020-03-31,2020,1,7455,-7200,32611,3344,121
SLB US Equity,2020-06-30,2020,2,5356,-2912,32211,3589,137
SLB US Equity,2020-09-30,2020,3,5258,649,31697,3837,135
SLB US Equity,2020-12-31,2020,4,5532,1129,29945,3006,139
SLB US Equity,2021-03-31,2021,1,5223,1035,29064,2910,131
SLB US Equity,2021-06-30,2021,2,5634,1188,27849,2682,131
SLB US Equity,2021-09-30,2021,3,5847,1295,27373,2942,122
SLB US Equity,2021-12-31,2021,4,6225,1367,26225,3139,122
SLB US Equity,2022-03-31,2022,1,5962,1244,26328,2649,109
SLB US Equity,2022-06-30,2022,2,6773,1497,26202,2816,121
SLB US Equity,2022-09-30,2022,3,7477,1714,26582,3609,114
SLB US Equity,2022-12-31,2022,4,7878,1843,25146,2894,88
SLB US Equity,2023-03-31,2023,1,7736,1749,25475,2504,100
SLB US Equity,2023-06-30,2023,2,8099,1899,25892,3194,108
SLB US Equity,2023-09-30,2023,3,8310,2030,26106,3735,107
SLB US Equity,2023-12-31,2023,4,8990,2077,26598,3989,89
SLB US Equity,2024-03-31,2024,1,8707,1986,25933,3491,75
SLB US Equity,2024-06-30,2024,2,9139,2099,27093,4003,94
SLB US Equity,2024-09-30,2024,3,9159,2187,27047,4462,84
SLB US Equity,2024-12-31,2024,4,9284,2051,26585,4669,95
SNB AB Equity,2020-03-31,2020,1,6189.551,,470025.865,53849.982,
SNB AB Equity,2020-06-30,2020,2,5512,,483365.734,52509.697,
SNB AB Equity,2020-09-30,2020,3,6327.556,,500422.392,56434.441,
SNB AB Equity,2020-12-31,2020,4,6878.435,,519228.06,70460.7,
SNB AB Equity,2021-03-31,2021,1,6441.485,,515381.479,62373.303,
SNB AB Equity,2021-06-30,2021,2,8502.507,,736856.619,78681.769,
SNB AB Equity,2021-09-30,2021,3,8679.82,,742932.574,81604.437,
SNB AB Equity,2021-12-31,2021,4,8716.995,,751377.933,92643.213,
SNB AB Equity,2022-03-31,2022,1,8996.34,,756421.831,82902.992,
SNB AB Equity,2022-06-30,2022,2,9695.231,,796752.164,90132.154,
SNB AB Equity,2022-09-30,2022,3,10825.434,,801238.068,88454.941,
SNB AB Equity,2022-12-31,2022,4,13548.341,,778718.535,58107.734,
SNB AB Equity,2023-03-31,2023,1,13072.903,,805052.572,63288.853,
SNB AB Equity,2023-06-30,2023,2,13892.689,,825284.586,66811.39,
SNB AB Equity,2023-09-30,2023,3,15047.375,,858155.586,78797.82,
SNB AB Equity,2023-12-31,2023,4,17473.897,,860452.454,82062.417,
SNB AB Equity,2024-03-31,2024,1,15580.557,,891667.524,86660.709,
SNB AB Equity,2024-06-30,2024,2,16244.526,,908121.014,76523.709,
SNB AB Equity,2024-09-30,2024,3,17371.678,,940768.337,86091.112,
SNB AB Equity,2024-12-31,2024,4,19411.26,,910879.379,63208.121,
SP SP Equity,2020-03-31,2020,1,3993.5,1692,9284.5,1673.4,72.7
SP SP Equity,2021-03-31,2021,1,3574.1,1613.8,8379.1,1187.2,34.4
SP SP Equity,2022-03-31,2022,1,5213.5,3339.4,9001.6,4207.8,46.5
SP SP Equity,2023-03-31,2023,1,7236.4,2190.6,8193.5,1988.1,43.7
SP SP Equity,2024-03-31,2024,1,7333.8,2558.4,8474.7,1887.5,84
STAN LN Equity,2020-03-31,2020,1,6390,,714912,120697,
STAN LN Equity,2020-06-30,2020,2,5368,,691688,107807,
STAN LN Equity,2020-09-30,2020,3,6079,,703859,108278,
STAN LN Equity,2020-12-31,2020,4,3032,,738321,113978,
STAN LN Equity,2021-03-31,2021,1,4981,,752628,120231,
STAN LN Equity,2021-06-30,2021,2,4753,,743053,122757,
STAN LN Equity,2021-09-30,2021,3,5746,,763767,121371,
STAN LN Equity,2021-12-31,2021,4,3391,,775182,124377,
STAN LN Equity,2022-03-31,2022,1,5376,,787277,105218,
STAN LN Equity,2022-06-30,2022,2,5355,,786225,111100,
STAN LN Equity,2022-09-30,2022,3,7743,,814432,109836,
STAN LN Equity,2022-12-31,2022,4,7442,,769906,122280,
STAN LN Equity,2023-03-31,2023,1,9036,,770667,110445,
STAN LN Equity,2023-06-30,2023,2,9367,,789030,141891,
STAN LN Equity,2023-09-30,2023,3,10178,,777477,135248,
STAN LN Equity,2023-12-31,2023,4,9696,,772491,128878,
STAN LN Equity,2024-03-31,2024,1,10907,,761686,101625,
STAN LN Equity,2024-06-30,2024,2,10345,,784100,117105,
STAN LN Equity,2024-09-30,2024,3,13372,,819437,112417,
STAN LN Equity,2024-12-31,2024,4,10015,,798404,116700,
STATEZ CH Equity,2020-12-31,2020,4,153078.5913,27873.8593,464191.4563,204337.5956,9335.052
STATEZ CH Equity,2021-12-31,2021,4,190413.693,24977.5783,515162.9999,236628.4353,9414.0302
STATEZ CH Equity,2022-12-31,2022,4,204282.9518,36546.3931,536562.1018,244292.3519,9413.5252
STATEZ CH Equity,2023-12-31,2023,4,212568.1325,38175.0402,567855.1734,195625.6772,9083.4278
STATEZ CH Equity,2024-12-31,2024,4,196237.65,32680.0014,593594.8098,219390.4331,8178.2487
TD CN Equity,2020-03-31,2020,1,14702,,1368627,204925,
TD CN Equity,2020-06-30,2020,2,13803,,1580411,319848,
TD CN Equity,2020-09-30,2020,3,12709,,1604839,326601,
TD CN Equity,2020-12-31,2020,4,13642,,1620366,339756,
TD CN Equity,2021-03-31,2021,1,12392,,1640170,379532,
TD CN Equity,2021-06-30,2021,2,11619,,1574543,349502,
TD CN Equity,2021-09-30,2021,3,12014,,1603186,335514,
TD CN Equity,2021-12-31,2021,4,12118,,1628854,333177,
TD CN Equity,2022-03-31,2022,1,12501,,1676611,338028,
TD CN Equity,2022-06-30,2022,2,12915,,1725864,305328,
TD CN Equity,2022-09-30,2022,3,14663,,1738219,298274,
TD CN Equity,2022-12-31,2022,4,22632,,1806145,306017,
TD CN Equity,2023-03-31,2023,1,22524,,1816440,320730,
TD CN Equity,2023-06-30,2023,2,24276,,1810338,308274,
TD CN Equity,2023-09-30,2023,3,26560,,1774411,290558,
TD CN Equity,2023-12-31,2023,4,28003,,1843068,309402,
TD CN Equity,2024-03-31,2024,1,29039,,1798457,280460,
TD CN Equity,2024-06-30,2024,2,29350,,1854686,299695,
TD CN Equity,2024-09-30,2024,3,30403,,1855605,312314,
TD CN Equity,2024-12-31,2024,4,31348,,1946591,384584,
TMO US Equity,2020-03-31,2020,1,6230,1480,30129,2981,90
TMO US Equity,2020-06-30,2020,2,6917,1965,31718,5818,129
TMO US Equity,2020-09-30,2020,3,8521,3001,32237,7540,135
TMO US Equity,2020-12-31,2020,4,10550,3673,34545,10325,134
TMO US Equity,2021-06-30,2021,2,9906,3670,30873,5583,113
TMO US Equity,2021-09-30,2021,3,9273,2823,30844,7023,111
TMO US Equity,2021-12-31,2021,4,9330,2906,34890,12027,119
TMO US Equity,2021-12-31,2021,4,10702,3221,54146,4477,150
TMO US Equity,2022-06-30,2022,2,11818,3680,51616,2752,118
TMO US Equity,2022-09-30,2022,3,10970,2837,48108,1888,112
TMO US Equity,2022-12-31,2022,4,10677,2548,46809,2919,105
TMO US Equity,2022-12-31,2022,4,11450,2709,53006,8524,119
TMO US Equity,2023-06-30,2023,2,10710,2422,52225,3482,154
TMO US Equity,2023-09-30,2023,3,10687,2433,50190,3133,148
TMO US Equity,2023-09-30,2023,3,10574,2717,51593,6151,113
TMO US Equity,2023-12-31,2023,4,10886,2693,51884,8077,81
TMO US Equity,2024-03-31,2024,1,10345,2499,51472,7250,84
TMO US Equity,2024-06-30,2024,2,10541,2611,50963,8823,59
TMO US Equity,2024-09-30,2024,3,10598,2577,51265,6645,79
TMO US Equity,2024-12-31,2024,4,11395,2757,47650,5570,89
UBSG SW Equity,2020-03-31,2020,1,10339,4161,1039981,245878,
UBSG SW Equity,2020-06-30,2020,2,9417,3379,1006631,250453,
UBSG SW Equity,2020-09-30,2020,3,10336,4003,1005409,244232,
UBSG SW Equity,2020-12-31,2020,4,9499,3541,1066000,247885,
UBSG SW Equity,2021-03-31,2021,1,10142,3802,1049379,259746,
UBSG SW Equity,2021-06-30,2021,2,10375,4098,1027469,260666,
UBSG SW Equity,2021-09-30,2021,3,10595,4353,1028221,265332,
UBSG SW Equity,2021-12-31,2021,4,9986,3072,1056180,283309,
UBSG SW Equity,2022-03-31,2022,1,10648,4017,1080710,294139,
UBSG SW Equity,2022-06-30,2022,2,10437,4188,1056009,270240,
UBSG SW Equity,2022-09-30,2022,3,10470,4589,1055666,247850,
UBSG SW Equity,2022-12-31,2022,4,11396,5434,1047146,252051,
UBSG SW Equity,2023-03-31,2023,1,13005,5834,996028,219094,
UBSG SW Equity,2023-06-30,2023,2,43191,34441,1591145,372517,
UBSG SW Equity,2023-09-30,2023,3,21391,9849,1559125,368589,
UBSG SW Equity,2023-12-31,2023,4,19252,8623,1630768,434245,
UBSG SW Equity,2024-03-31,2024,1,23049,12995,1521354,395320,
UBSG SW Equity,2024-06-30,2024,2,21902,11691,1476758,352323,
UBSG SW Equity,2024-09-30,2024,3,22008,11957,1536352,357081,
UBSG SW Equity,2024-12-31,2024,4,20192,9926,1479454,360533,
UNH US Equity,2020-03-31,2020,1,64421,5719,127463,24445,437
UNH US Equity,2020-06-30,2020,2,62138,9958,124126,25593,430
UNH US Equity,2020-09-30,2020,3,65115,5370,121018,20809,395
UNH US Equity,2020-12-31,2020,4,65467,4249,126750,19781,
UNH US Equity,2021-03-31,2021,1,70196,7497,134589,22917,397
UNH US Equity,2021-06-30,2021,2,71321,6756,136971,22561,410
UNH US Equity,2021-09-30,2021,3,72337,6508,138413,23871,422
UNH US Equity,2021-12-31,2021,4,73743,6312,135727,23907,
UNH US Equity,2022-03-31,2022,1,80149,7738,143591,28396,433
UNH US Equity,2022-06-30,2022,2,80332,7934,149045,27964,467
UNH US Equity,2022-09-30,2022,3,80894,8290,160143,42527,516
UNH US Equity,2022-12-31,2022,4,82787,7873,159358,27911,676
UNH US Equity,2023-03-31,2023,1,91931,9056,193057,46497,754
UNH US Equity,2023-06-30,2023,2,92903,9078,188008,46279,828
UNH US Equity,2023-09-30,2023,3,92361,9533,188083,44097,834
UNH US Equity,2023-12-31,2023,4,94427,8663,174801,29628,830
UNH US Equity,2024-03-31,2024,1,99796,8928,187292,32710,844
UNH US Equity,2024-06-30,2024,2,98855,8895,186822,31323,985
UNH US Equity,2024-09-30,2024,3,100820,9749,194854,37134,1074
UNH US Equity,2024-12-31,2024,4,100807,10214,195687,29113,1003
UOB SP Equity,2020-03-31,2020,1,3701,,388136,84101,
UOB SP Equity,2020-06-30,2020,2,3281,,389308,75991,
UOB SP Equity,2020-09-30,2020,3,2977,,382093,,
UOB SP Equity,2020-12-31,2020,4,2805,,390683,77082,
UOB SP Equity,2021-03-31,2021,1,2487,,399049,,
UOB SP Equity,2021-06-30,2021,2,2416,,404256,75458,
UOB SP Equity,2021-09-30,2021,3,2453,,415818,,
UOB SP Equity,2021-12-31,2021,4,4907,,416462,75474,
UOB SP Equity,2022-03-31,2022,1,2359,,432955,,
UOB SP Equity,2022-06-30,2022,2,2703,,450803,80691,
UOB SP Equity,2022-09-30,2022,3,3183,,468925,,
UOB SP Equity,2022-12-31,2022,4,3782,,460654,84829,
UOB SP Equity,2023-03-31,2023,1,3524,,455948,,
UOB SP Equity,2023-06-30,2023,2,3542,,459633,81282,
UOB SP Equity,2023-09-30,2023,3,3456,,470639,,
UOB SP Equity,2023-12-31,2023,4,4015,,477052,87443,
UOB SP Equity,2024-03-31,2024,1,3523,,467858,,
UOB SP Equity,2024-06-30,2024,2,3476,,469185,71434,
UOB SP Equity,2024-09-30,2024,3,3834,,493289,,
UOB SP Equity,2024-12-31,2024,4,3461,,487707,76009,
WBC AU Equity,2020-03-31,2020,1,16415,,900016,51154,
WBC AU Equity,2020-09-30,2020,3,14350,,843872,55408,
WBC AU Equity,2021-03-31,2021,1,13881,,817358,37794,
WBC AU Equity,2021-09-30,2021,3,12997,,863785,78501,
WBC AU Equity,2022-03-31,2022,1,12277,,894416,109784,
WBC AU Equity,2022-09-30,2022,3,13695,,943689,120311,
WBC AU Equity,2023-03-31,2023,1,21900,,946440,121979,
WBC AU Equity,2023-09-30,2023,3,25537,,957235,118919,
WBC AU Equity,2024-03-31,2024,1,28180,,980101,100578,
WBC AU Equity,2024-09-30,2024,3,29347,,1005492,89886,
WFC US Equity,2020-03-31,2020,1,21132,,1798019,237274,
WFC US Equity,2020-06-30,2020,2,20207,,1788644,341792,
WFC US Equity,2020-09-30,2020,3,20748,,1740188,316074,
WFC US Equity,2020-12-31,2020,4,19684,,1767199,330284,
WFC US Equity,2021-03-31,2021,1,19770,,1771195,366235,
WFC US Equity,2021-06-30,2021,2,21163,,1752869,344322,
WFC US Equity,2021-09-30,2021,3,19759,,1763830,334494,
WFC US Equity,2021-12-31,2021,4,21715,,1757958,300453,
WFC US Equity,2022-03-31,2022,1,18688,,1758020,269659,
WFC US Equity,2022-06-30,2022,2,18398,,1701349,210686,
WFC US Equity,2022-09-30,2022,3,21962,,1699336,221295,
WFC US Equity,2022-12-31,2022,4,24394,,1698807,227193,
WFC US Equity,2023-03-31,2023,1,26749,,1703180,229724,
WFC US Equity,2023-06-30,2023,2,28200,,1694368,221833,
WFC US Equity,2023-09-30,2023,3,29845,,1726888,288327,
WFC US Equity,2023-12-31,2023,4,30546,,1745025,317675,
WFC US Equity,2024-03-31,2024,1,31476,,1776479,338398,
WFC US Equity,2024-06-30,2024,2,31650,,1761925,314282,
WFC US Equity,2024-09-30,2024,3,31674,,1737114,290936,
WFC US Equity,2024-12-31,2024,4,30597,,1748779,308691,
WMT US Equity,2020-03-31,2020,1,141671,8831,154943,9465,528
WMT US Equity,2020-06-30,2020,2,134622,8015,158782,14930,467
WMT US Equity,2020-09-30,2020,3,137742,8830,156185,16906,554
WMT US Equity,2020-12-31,2020,4,134708,8549,163359,14325,430
WMT US Equity,2021-03-31,2021,1,152079,8306,164965,17741,404
WMT US Equity,2021-06-30,2021,2,138310,9570,151989,22846,451
WMT US Equity,2021-09-30,2021,3,141048,9995,151425,22831,400
WMT US Equity,2021-12-31,2021,4,140525,8442,154094,16111,364
WMT US Equity,2022-03-31,2022,1,152871,8593,152969,14760,301
WMT US Equity,2022-06-30,2022,2,141569,7998,160282,11817,336
WMT US Equity,2022-09-30,2022,3,152859,9553,161352,13923,364
WMT US Equity,2022-12-31,2022,4,152813,5450,167273,11587,415
WMT US Equity,2023-03-31,2023,1,164048,8372,159206,8625,418
WMT US Equity,2023-06-30,2023,2,152301,9085,165588,10575,461
WMT US Equity,2023-09-30,2023,3,161632,10221,169562,13888,395
WMT US Equity,2023-12-31,2023,4,160804,9188,173363,12154,427
WMT US Equity,2024-03-31,2024,1,173388,10371,161828,9867,430
WMT US Equity,2024-06-30,2024,2,161508,9969,165764,9405,483
WMT US Equity,2024-09-30,2024,3,169335,11151,163668,8811,443
WMT US Equity,2024-12-31,2024,4,169588,9968,168934,10049,356
XOM US Equity,2020-03-31,2020,1,55134,4786,167061,11412,
XOM US Equity,2020-06-30,2020,2,32277,3265,174342,12576,
XOM US Equity,2020-09-30,2020,3,45425,4116,173431,8832,
XOM US Equity,2020-12-31,2020,4,45738,3189,168620,4364,
XOM US Equity,2021-03-31,2021,1,57552,7259,169669,3515,
XOM US Equity,2021-06-30,2021,2,65943,9714,171733,3465,
XOM US Equity,2021-09-30,2021,3,71892,12916,169182,4768,
XOM US Equity,2021-12-31,2021,4,81305,13951,163240,6802,
XOM US Equity,2022-03-31,2022,1,87734,14861,178245,11074,
XOM US Equity,2022-06-30,2022,2,111265,25162,183266,18861,
XOM US Equity,2022-09-30,2022,3,106512,25715,177109,30407,
XOM US Equity,2022-12-31,2022,4,93164,21848,166594,29640,
XOM US Equity,2023-03-31,2023,1,83644,18286,162957,32651,
XOM US Equity,2023-06-30,2023,2,80795,14028,156251,29528,
XOM US Equity,2023-09-30,2023,3,88570,16093,164726,32944,
XOM US Equity,2023-12-31,2023,4,81688,15981,163779,31539,
XOM US Equity,2024-03-31,2024,1,80411,14730,164866,33320,
XOM US Equity,2024-06-30,2024,2,89986,16649,184441,26460,
XOM US Equity,2024-09-30,2024,3,87792,17267,185516,26926,
XOM US Equity,2024-12-31,2024,4,81058,14327,182869,23029,
